2684 4974
798 119 1041 207 ,χΙΙ

189 386 381 474 arrosus.
403 384 449 459 m
474 383 580 455 orn,
601 320 764 463 'aaran
789 387 988 483 carnin
1003 425 1014 462 2
1067 395 1112 478 aa
1143 333 1149 388 ⁷
1181 454 1211 494 ,Ι

64 543 188 611 daeam
201 554 411 630 receperunt.
425 541 551 609 Narrat
564 540 809 626 haecThuc.ll,
820 545 879 613 79.
892 545 985 616 Idem
999 561 1115 620 auctor

63 661 127 730 est,
142 647 222 738 (IV,
235 648 332 734 123.)
347 647 527 726 Brasidam,
542 646 757 729 Mendaeum,
774 672 878 736 quum
892 632 1017 718 bellum
1032 677 1115 723 con*

63 766 119 819 tra
134 751 359 817 Athenienses
373 750 524 838 gereret,
551 749 687 838 Olymp.
706 751 764 832 89,
785 753 817 818 1.
839 777 976 821 suorum
992 756 1112 823 liberos
1220 753 1225 766 ’

64 854 270 922 subduxisse
284 844 492 943 Olynthum,
515 853 608 944 eujus
625 854 751 920 incolae
765 860 827 943 ipsi
842 857 964 951 (Thuc.
979 859 1023 940 V,
1041 861 1113 948 39.)

64 957 332 1049 Mecybernam,
367 981 467 1046 quam
492 954 751 1024 Atheniensium
777 963 980 1047 praesidium
1000 961 1114 1028 obses·
1188 1004 1193 1013 ι

64 1070 143 1129 'sam
165 1060 317 1142 tenebat,
349 1061 455 1125 adorti
478 1083 547 1126 esse
569 1059 756 1126 traduntur.
809 1062 875 1129 Sed
896 1066 1116 1152 quemadmo-

65 1167 155 1233 dum
174 1162 249 1246 hoc,
277 1187 346 1253 quo
368 1165 531 1244 diximus,
555 1175 708 1250 tempore
733 1165 887 1252 Olynthii
911 1191 987 1233 curn
1002 1168 1115 1243 Athe-

64 1267 241 1336 niensibus
265 1265 503 1354 confligebant,
530 1271 575 1333 ita
602 1267 752 1334 videmus
774 1269 837 1332 illis
862 1269 916 1338 Ol.
940 1269 997 1353 99,
1017 1273 1055 1339 2.
1080 1274 1114 1338 3.
1142 1332 1145 1337 .

63 1397 87 1461 a
119 1372 395 1451 Lacedaemoniis
424 1367 549 1436 bellum
579 1370 715 1436 inferri:
748 1372 841 1461 cujus
866 1380 917 1437 rei
944 1372 1027 1440 haec
1051 1375 1115 1441 fnit
1241 1365 1254 1463 s

65 1499 179 1551 causa.
229 1474 416 1562 Amyntas,
450 1496 514 1539 rex
536 1472 780 1560 Macedonum,
806 1472 846 1539 ab
867 1476 986 1565 Illyriis
1008 1482 1114 1544 victus

64 1591 104 1645 et
134 1600 268 1667 pressus
290 1576 329 1642 ab
355 1577 542 1666 Olynthiis,
574 1575 625 1643 his
649 1600 810 1665 magnum
832 1584 930 1644 vicini
952 1586 1022 1669 agri
1045 1594 1114 1646 tra-

65 1695 164 1748 ctum
184 1684 346 1770 permisit.
385 1679 486 1745 Diod.
509 1679 572 1745 Sic.
593 1677 691 1763 XIV,
710 1679 769 1749 92.
792 1679 874 1762 XV,
897 1681 945 1748 19
998 1684 1113 1763 Quem

63 1785 124 1851 ille
145 1802 278 1874 quum,
296 1780 421 1849 viribus
440 1788 644 1864 instauratis,
669 1793 835 1870 repeteret
856 1796 888 1848 et
905 1785 1062 1873 Olynthii
1078 1810 1114 1852 se

64 1888 260 1956 reddituros
275 1899 450 1974 negarent,
476 1909 576 1974 opem
592 1887 936 1968 Lacedaemoniorum
952 1889 1114 1976 implora-

65 1995 141 2065 vitr
166 1989 323 2079 Olynthii
352 2013 433 2056 vero
465 1988 564 2055 urbes
595 1989 797 2056 Chalcidicas
820 1993 857 2054 in
875 1987 953 2056 belli
975 1998 1114 2058 societa-

64 2086 140 2161 tem
162 2090 432 2176 ¹arcessiverunt3
473 2094 561 2182 quod
590 2091 664 2157 illae
695 2116 792 2179 aegre
814 2095 925 2158 tulisse
949 2096 1113 2162 videntur.
1179 2158 1183 2168 ,

23 2190 28 2197 ’
65 2198 163 2265 Nam
183 2198 282 2284 legati
299 2219 343 2263 ex
359 2195 516 2263 Acantho
539 2205 572 2260 et
595 2194 794 2282 Apollonia,
819 2194 957 2262 urbibus
981 2198 1113 2263 Chalci·
1241 2260 1247 2283 ,

67 2300 169 2381 dicis,
197 2311 361 2367 venerunt
381 2299 534 2387 Spartam
556 2300 717 2364 auxilinm
739 2305 885 2386 petituri.
917 2299 1024 2389 Apud
1039 2301 1114 2366 Xe-

64 2403 175 2492 noph.
202 2403 248 2468 H.
273 2403 316 2471 G.
346 2402 393 2483 V,
415 2404 449 2484 2,
475 2403 533 2469 12.
556 2402 655 2490 legati
676 2407 763 2467 inter
781 2400 955 2468 aliahaec:
981 2401 1031 2473 ὅτι
1053 2410 1115 2493 μὲν

63 2511 136 2599 γὰρ
161 2508 229 2604 τῶν
257 2511 310 2574 ἐπὶ
342 2503 474 2595 Θρᾴκης
502 2501 635 2592 μεγίστη
663 2499 758 2584 πόλις
777 2502 960 2588 Ὄλυνθος,
998 2504 1114 2595 σχεδὸν

64 2605 191 2689 πάντες
212 2610 394 2679 iniucunda
402 2606 445 2695 9)
496 2608 610 2689 Quum
634 2610 757 2680 auxilia
779 2634 796 2674 a
817 2609 997 2696 Spartanis,
1029 2612 1113 2680 duce

65 2714 276 2799 Eudamida,
302 2719 401 2779 missa
421 2709 568 2793 Thebis,
596 2711 728 2777 dissidio
744 2713 791 2776 ibi
810 2722 903 2795 orto,
927 2718 1130 2781 retineren·.

64 2828 146 2898 tur,
173 2822 309 2882 mittunt
333 2817 380 2881 illi
404 2815 611 2895 Teleutiam,
642 2813 790 2901 Agesilai
812 2815 971 2898 fratrem,
1001 2821 1114 2904 quiin

63 2941 185 3013 pugna
217 2943 295 2986 curn
322 2918 491 3008 Olynthiis
518 2929 663 3007 pugnata
684 2918 788 3000 cadit,
819 2924 932 3004 copiae
954 2918 1024 3003 ejus
1046 2919 1114 2983 dis·

62 3024 252 3117 pelluntur.
305 3023 404 3088 Diod
426 3022 490 3087 Sic.
514 3021 597 3102 XV,
623 3019 681 3106 19,
699 3020 759 3087 21.
786 3017 876 3084 Xen.
893 3020 914 3088 l.
930 3019 950 3083 l.
967 3018 1012 3100 V,
1028 3021 1061 3101 3,
1079 3021 1114 3089 6.

65 3124 144 3193 cir.
159 3125 260 3191 Dem.
275 3125 306 3192 d.
324 3125 346 3194 f.
362 3127 423 3213 leg.
444 3148 478 3213 p.
495 3114 585 3206 425,
598 3118 656 3188 24.
679 3119 885 3214 (Ὀλύνθιοι)
909 3121 1019 3210 μάχας
1035 3127 1115 3190 πολ·

61 3225 133 3309 λᾶς
164 3223 349 3318 ἐκράτησαν
380 3233 435 3296 καὶ
464 3232 548 3314 τρεῖς
580 3225 645 3295 τῶν
674 3226 886 3316 πολεμάρχων
911 3222 1114 3293 ἀπέκτειναν.

57 3333 138 3419 ,Sed
153 3331 334 3419 Agesipoli,
356 3337 412 3421 qui
428 3328 631 3408 succedebat,
649 3342 797 3410 mortuo,
811 3328 987 3416 Polybidas
999 3327 1115 3411 (Diod.

61 3436 135 3503 Sic.
157 3433 239 3515 XV,
263 3432 354 3526 23.),
388 3454 487 3521 quem
508 3431 669 3521 Xenoph.
694 3433 739 3515 V,
765 3434 798 3513 3,
819 3432 879 3496 26.
908 3429 1113 3521 Polybiaden

61 3547 187 3620 vocat,
228 3560 247 3602 a
280 3528 553 3603 Lacedaemoniis
583 3537 654 3601 dux
682 3536 820 3614 electus,
862 3533 1041 3621 Olynthios
1068 3544 1114 3599 ita

61 3640 243 3711 obsidione
259 3646 395 3727 pressit,
421 3640 459 3704 ut
474 3639 509 3703 hi
525 3645 560 3704 in
577 3638 678 3704 fidem
695 3638 1041 3702 Lacedaemoniorum
1058 3638 1114 3703 Ol.

62 3746 159 3829 100,
180 3744 212 3808 1.
233 3765 303 3808 sese
325 3746 521 3831 reciperent.

174 3845 270 3910 Bello
299 3845 365 3912 hoc
386 3847 498 3927 finito,
528 3868 608 3932 opes
633 3841 893 3932 Olynthiornm,
926 3852 1114 3908 mercatura

57 3933 284 4034 florentium,
310 3956 434 4016 sensim
455 3955 642 4038 sensimque
664 3954 834 4013 restitutae
855 3957 949 4025 snnt,
976 3957 1012 4010 ut
1032 3944 1115 4012 Phi·-

62 4146 277 4168 ss

132 4247 163 4313 ⁴¹)
195 4244 272 4296 Idem
290 4244 370 4296 refert
387 4242 410 4310 d.
429 4240 555 4312 15-19,
575 4239 715 4311 Olynthios
731 4241 854 4310 populari
873 4258 933 4292 usos
950 4255 1006 4290 esse
1024 4238 1114 4304 impe-

55 4339 102 4389 rio
121 4345 152 4386 et
169 4332 329 4385 liberalibus
348 4332 463 4398 legibus.
496 4329 733 4383 culinaria.
753 4322 802 4405 lli·
819 4344 847 4394 p.
867 4324 923 4388 125,
935 4324 959 4378 6.
978 4339 1018 4389 sq.

13 4422 17 4431 '
372 4426 377 4433 “
402 4424 405 4432 “
545 4412 549 4421 ’
840 4414 867 4470 F.
889 4433 906 4474 2
