2656 4980
287 369 580 442 EXPLIOATIO
606 371 865 444 NOTARUM.
1047 395 1098 445 xv

51 540 103 614 ¹A.
128 543 176 611 G.
195 545 333 613 Becker.
366 547 389 612 Ι.
412 546 479 613 Th.
508 546 606 612 Holle
632 540 740 616 1824.
771 547 810 613 ΙΙ.
825 548 891 614 Th.
918 549 1026 618 1826.
1047 589 1099 602 -

52 650 109 716 De
134 661 274 738 utraque
291 672 374 716 vers.
397 652 462 716 vid.
479 649 628 714 Seebode
645 650 723 715 bibl.
743 656 815 716 crit.
835 652 944 718 1827.
960 655 1023 719 Nr.
1040 649 1100 721 40.

52 754 93 820 ln
111 754 216 818 altera
234 765 327 840 parte
343 754 471 819 Becker
488 765 637 818 occnrate
655 754 694 818 de
712 753 910 835 editoribus,
935 744 1101 846 inte‘rpre-

53 858 146 922 tibus
166 857 352 922 domesticis
368 869 400 922 et
410 862 594 946 peregrinis
610 880 643 946 p.
663 852 887 924 547-574.
904 864 980 946 egit.

275 1027 316 1094 o.
367 1024 609 1093 sonrrrn
642 998 884 1094 M'rnonn.

133 1159 190 1226 De
208 1166 395 1227 orationum
410 1160 650 1250 Olynthiorum
666 1162 783 1227 ordine
801 1167 931 1250 scripsit
944 1161 989 1230 R.
1001 1163 1103 1228 Ilou-

55 1265 248 1332 chenstein.
297 1264 436 1330 Accedit
451 1265 570 1332 Fascic.
592 1263 778 1332 Observott.
798 1265 890 1353 phill.
909 1277 943 1330 et
962 1272 1047 1333 critt.
1066 1272 1103 1333 in
1219 1284 1224 1297 ‘

56 1367 256 1436 Dem.Phil.
273 1380 407 1433 auctore
422 1368 453 1433 I.
463 1369 673 1435 H.Bremio.
695 1368 920 1456 Lips.-1821.
946 1369 979 1436 8.
1006 1370 1104 1436 Prio-
1211 1371 1215 1377 ’

55 1496 133 1540 rem
150 1469 251 1535 libelli
266 1483 396 1558 portem
411 1477 585 1558 repetitam
600 1470 694 1537 vides
708 1476 744 1536 in
753 1469 921 1537 Schaeferi
929 1469 1021 1561 App.
1030 1478 1102 1542 crit.

57 1577 100 1641 T.
122 1575 149 1639 l.
172 1595 207 1661 p.
225 1573 450 1641 150-173,
473 1586 505 1639 et
527 1580 564 1640 in
582 1574 705 1640 Bromii
722 1575 866 1640 editione
883 1575 969 1644 Sect.
986 1576 1011 1641 I.
1031 1582 1103 1644 init.
1157 1602 1166 1629 x

56 1679 217 1746 Alteram
232 1689 362 1764 partem
384 1683 527 1768 spectavi
549 1683 585 1744 in
600 1701 675 1743 meo
692 1683 903 1742 annotatione
918 1699 1104 1765 provocans

58 1782 102 1848 ad
125 1781 314 1849 Bremium.

140 1882 460 1950 Animadversiones
490 1881 531 1947 ad
566 1883 640 1947 loca
673 1883 834 1970 quaedam
868 1881 1105 1949 Demosthenis

60 1992 194 2076 scripsit
221 1987 284 2052 Th.
300 1988 332 2056 S.
345 1985 527 2072 Forbr'ger.
577 1986 672 2074 Lips.
691 1986 799 2053 1822.
831 1980 865 2052 ll.

129 2090 324 2176 Prolegom.
340 2095 376 2153 in
384 2089 483 2155 Dem.
495 2113 564 2157 orr.
578 2090 619 2154 de
635 2089 763 2178 republ.
775 2094 888 2176 scrips.
903 2088 946 2157 F.
960 2086 1107 2157 Goeller.

62 2196 184 2261 Colon.
203 2192 312 2259 1822.
340 2186 374 2258 4.

137 2296 409 2364 Annotationum
446 2302 482 2360 in
511 2296 612 2362 Dem.
644 2294 729 2361 Phil.
755 2294 780 2360 l.
824 2294 1002 2383 Specimen
1043 2320 1107 2361 scr.

10 2434 12 2499 2
65 2400 103 2467 C.
133 2399 179 2466 G.
202 2395 359 2484 Kris‘ger.
394 2398 519 2467 Bernb.
545 2399 655 2467 1826.
686 2398 721 2465 8.
769 2397 909 2464 Seebod.
930 2405 1001 2466 crit
1023 2399 1106 2469 bibl.
1140 2411 1144 2420 '

10 2550 12 2569 .
61 2507 106 2571 N.
124 2504 189 2571 73.
206 2526 234 2570 a.
254 2502 364 2569 1828.
1155 2566 1157 2571 .

10 2582 13 2641 l
135 2607 384 2675 Annototiones
395 2610 525 2671 criticae
537 2608 573 2670 in
584 2603 685 2686 Dem.
697 2604 805 2671 Orati.
815 2604 955 2691 Olynth.
963 2604 1109 2693 Philipp.

62 2713 101 2777 de
124 2713 209 2778 Pac.
230 2709 272 2774 de
295 2707 395 2774 rebus
414 2709 530 2774 Chers.
552 2709 593 2773 de
616 2708 744 2796 Syrnrn.
766 2708 806 2772 de
828 2709 939 2773 Rhod.
961 2706 1017 2773 lib.
1043 2729 1107 2794 pro

10 2796 12 2837 ³
60 2816 200 2904 negap.
224 2835 286 2880 scr.
310 2810 353 2876 F.
374 2810 416 2876 G.
434 2812 666 2899 nngenarst.
705 2811 816 2875 sero.
836 2809 944 2877 1828.
974 2805 1008 2877 4.
1039 2809 1109 2874 on.

59 2919 181 2986 Bremi
213 2921 250 2981 in
277 2914 390 2980 Jebn's
420 2913 538 2982 Jahrb.
564 2911 694 2979 f.Phil.
722 2937 755 2978 u.
780 2913 879 2981 Poed.
908 2911 976 2996 lX,
1017 2911 1052 2976 2.
1075 2933 1109 2998 p.

61 3025 136 3093 168
164 3043 241 3110 sqq.
