<?xml version="1.0" encoding="UTF-8"?>
<!DOCTYPE html PUBLIC "-//W3C//DTD XHTML 1.0 Transitional//EN"
    "http://www.w3.org/TR/xhtml1/DTD/xhtml1-transitional.dtd">
<html xmlns="http://www.w3.org/1999/xhtml" xml:lang="en" lang="en">
 <head>
  <title>
</title>
<meta http-equiv="Content-Type" content="text/html;charset=utf-8" />
  <meta name='ocr-system' content='tesseract 3.04.00' />
  <meta name='ocr-capabilities' content='ocr_page ocr_carea ocr_par ocr_line ocrx_word'/>
</head>
<body>
  <div class='ocr_page' id='page_1' title='image "./philippicaprima00demogoog_0242.png"; bbox 0 0 2684 4974; ppageno 0'>
   <div class='ocr_carea' id='block_1_1' title="bbox 312 370 1226 480">
    <p class='ocr_par' dir='ltr' id='par_1_1' title="bbox 312 370 1226 480">
     <span class='ocr_line' id='line_1_1' title="bbox 312 370 1226 480; baseline 0 -18"><span class='ocrx_word' id='word_1_1' title='bbox 312 399 371 464; x_wconf 79' lang='lat' dir='ltr'><strong>An</strong></span> <span class='ocrx_word' id='word_1_2' title='bbox 399 388 484 465; x_wconf 73' lang='lat' dir='ltr'><strong>tui.</strong></span> <span class='ocrx_word' id='word_1_3' title='bbox 500 399 588 464; x_wconf 79' lang='lat' dir='ltr'><strong>vm.</strong></span> <span class='ocrx_word' id='word_1_4' title='bbox 610 398 717 463; x_wconf 80' lang='lat' dir='ltr'><strong>nan.</strong></span> <span class='ocrx_word' id='word_1_5' title='bbox 740 397 774 458; x_wconf 91' lang='lat' dir='ltr'><strong>c.</strong></span> <span class='ocrx_word' id='word_1_6' title='bbox 793 394 829 460; x_wconf 85' lang='grc' dir='ltr'><strong>ν.</strong></span> <span class='ocrx_word' id='word_1_7' title='bbox 852 402 878 480; x_wconf 67' lang='grc' dir='ltr'><strong>ς.</strong></span> <span class='ocrx_word' id='word_1_8' title='bbox 894 398 928 462; x_wconf 83' lang='lat' dir='ltr'><strong>s.</strong></span> <span class='ocrx_word' id='word_1_9' title='bbox 1063 398 1140 463; x_wconf 79' lang='lat' dir='ltr'><strong>uot</strong></span> <span class='ocrx_word' id='word_1_10' title='bbox 1218 370 1226 376; x_wconf 71' lang='grc'><strong>’</strong></span> 
     </span>
    </p>
   </div>
   <div class='ocr_carea' id='block_1_2' title="bbox 16 551 1330 4057">
    <p class='ocr_par' dir='ltr' id='par_1_2' title="bbox 90 551 1143 750">
     <span class='ocr_line' id='line_1_2' title="bbox 90 551 1143 647; baseline -0.007 -18"><span class='ocrx_word' id='word_1_11' title='bbox 90 560 335 647; x_wconf 85' lang='lat' dir='ltr'><strong>consopiverat.</strong></span> <span class='ocrx_word' id='word_1_12' title='bbox 374 555 459 625; x_wconf 88' lang='lat' dir='ltr'><strong>Phil.</strong></span> <span class='ocrx_word' id='word_1_13' title='bbox 479 554 505 639; x_wconf 88' lang='lat' dir='ltr'><strong>t,</strong></span> <span class='ocrx_word' id='word_1_14' title='bbox 529 551 565 638; x_wconf 82' lang='grc'><strong>4,</strong></span> <span class='ocrx_word' id='word_1_15' title='bbox 589 556 645 642; x_wconf 67' lang='lat'><strong>25</strong></span> <span class='ocrx_word' id='word_1_16' title='bbox 671 553 734 625; x_wconf 88' lang='lat' dir='ltr'><strong>hos</strong></span> <span class='ocrx_word' id='word_1_17' title='bbox 757 567 796 625; x_wconf 90' lang='lat' dir='ltr'><strong>ut</strong></span> <span class='ocrx_word' id='word_1_18' title='bbox 818 553 1064 624; x_wconf 73' lang='lat' dir='ltr'><strong>Demosthenes</strong></span> <span class='ocrx_word' id='word_1_19' title='bbox 1085 578 1143 625; x_wconf 83' lang='lat' dir='ltr'><strong>re-</strong></span> 
     </span>
     <span class='ocr_line' id='line_1_3' title="bbox 90 658 1143 750; baseline -0.005 -18"><span class='ocrx_word' id='word_1_20' title='bbox 90 669 229 732; x_wconf 84' lang='lat' dir='ltr'><strong>suscitet</strong></span> <span class='ocrx_word' id='word_1_21' title='bbox 249 667 356 750; x_wconf 88' lang='lat' dir='ltr'><strong>iisque</strong></span> <span class='ocrx_word' id='word_1_22' title='bbox 378 667 530 726; x_wconf 88' lang='lat' dir='ltr'><strong>animum</strong></span> <span class='ocrx_word' id='word_1_23' title='bbox 554 658 670 747; x_wconf 75' lang='lat' dir='ltr'><strong>facim,</strong></span> <span class='ocrx_word' id='word_1_24' title='bbox 702 664 739 726; x_wconf 88' lang='lat' dir='ltr'><strong>lu</strong></span> <span class='ocrx_word' id='word_1_25' title='bbox 761 658 911 733; x_wconf 86' lang='lat' dir='ltr'><strong>medium</strong></span> <span class='ocrx_word' id='word_1_26' title='bbox 932 658 1086 750; x_wconf 80' lang='lat' dir='ltr'><strong>procedit</strong></span> <span class='ocrx_word' id='word_1_27' title='bbox 1106 670 1143 727; x_wconf 85' lang='lat' dir='ltr'><strong>et</strong></span> 
     </span>
    </p>

    <p class='ocr_par' dir='ltr' id='par_1_3' title="bbox 16 750 1064 861">
     <span class='ocr_line' id='line_1_4' title="bbox 16 750 1064 861; baseline -0.006 -26"><span class='ocrx_word' id='word_1_28' title='bbox 16 774 22 783; x_wconf 89' lang='lat'>&#39;</span> <span class='ocrx_word' id='word_1_29' title='bbox 91 772 242 861; x_wconf 88' lang='lat' dir='ltr'><strong>primam</strong></span> <span class='ocrx_word' id='word_1_30' title='bbox 267 764 372 841; x_wconf 81' lang='lat' dir='ltr'><strong>habet</strong></span> <span class='ocrx_word' id='word_1_31' title='bbox 390 764 631 853; x_wconf 86' lang='lat' dir='ltr'><strong>Philippicam,</strong></span> <span class='ocrx_word' id='word_1_32' title='bbox 658 763 699 829; x_wconf 93' lang='lat' dir='ltr'><strong>de</strong></span> <span class='ocrx_word' id='word_1_33' title='bbox 716 786 780 854; x_wconf 87' lang='lat' dir='ltr'><strong>qua</strong></span> <span class='ocrx_word' id='word_1_34' title='bbox 794 762 861 830; x_wconf 81' lang='lat' dir='ltr'><strong>vid.</strong></span> <span class='ocrx_word' id='word_1_35' title='bbox 873 764 1026 852; x_wconf 85' lang='lat' dir='ltr'><strong>Prolegg.</strong></span> <span class='ocrx_word' id='word_1_36' title='bbox 1061 750 1064 755; x_wconf 32' lang='lat'>⁸</span> 
     </span>
    </p>

    <p class='ocr_par' dir='ltr' id='par_1_4' title="bbox 38 862 1330 1270">
     <span class='ocr_line' id='line_1_5' title="bbox 38 862 1153 955; baseline -0.005 -20"><span class='ocrx_word' id='word_1_37' title='bbox 38 896 41 900; x_wconf 90' lang='lat'>·</span> <span class='ocrx_word' id='word_1_38' title='bbox 195 868 261 934; x_wconf 86' lang='lat' dir='ltr'><strong>Sed</strong></span> <span class='ocrx_word' id='word_1_39' title='bbox 287 872 459 935; x_wconf 82' lang='lat' dir='ltr'><strong>occasione</strong></span> <span class='ocrx_word' id='word_1_40' title='bbox 481 862 588 934; x_wconf 82' lang='lat' dir='ltr'><strong>oblata</strong></span> <span class='ocrx_word' id='word_1_41' title='bbox 608 878 701 952; x_wconf 84' lang='lat' dir='ltr'><strong>utar,</strong></span> <span class='ocrx_word' id='word_1_42' title='bbox 724 878 764 932; x_wconf 89' lang='lat' dir='ltr'><strong>ut</strong></span> <span class='ocrx_word' id='word_1_43' title='bbox 785 868 923 933; x_wconf 77' lang='lat' dir='ltr'><strong>omnin&#39;o</strong></span> <span class='ocrx_word' id='word_1_44' title='bbox 939 867 980 933; x_wconf 90' lang='lat' dir='ltr'><strong>de</strong></span> <span class='ocrx_word' id='word_1_45' title='bbox 994 864 1153 955; x_wconf 88' lang='lat' dir='ltr'><strong>Philippi.</strong></span> 
     </span>
     <span class='ocr_line' id='line_1_6' title="bbox 92 969 1330 1063; baseline -0.006 -22"><span class='ocrx_word' id='word_1_46' title='bbox 92 978 233 1063; x_wconf 85' lang='lat' dir='ltr'><strong>ingenio</strong></span> <span class='ocrx_word' id='word_1_47' title='bbox 251 972 287 1038; x_wconf 71' lang='lat' dir='ltr'><strong>&#39;ct</strong></span> <span class='ocrx_word' id='word_1_48' title='bbox 308 971 458 1039; x_wconf 83' lang='lat' dir='ltr'><strong>moribus</strong></span> <span class='ocrx_word' id='word_1_49' title='bbox 485 970 607 1060; x_wconf 91' lang='lat' dir='ltr'><strong>aliquid</strong></span> <span class='ocrx_word' id='word_1_50' title='bbox 630 993 796 1040; x_wconf 89' lang='lat' dir='ltr'><strong>moneam.</strong></span> <span class='ocrx_word' id='word_1_51' title='bbox 847 969 982 1038; x_wconf 86' lang='lat' dir='ltr'><strong>Accidit</strong></span> <span class='ocrx_word' id='word_1_52' title='bbox 997 970 1140 1052; x_wconf 90' lang='lat' dir='ltr'><strong>eiidem,</strong></span> <span class='ocrx_word' id='word_1_53' title='bbox 1328 1049 1330 1053; x_wconf 67' lang='lat'><strong>,</strong></span> 
     </span>
     <span class='ocr_line' id='line_1_7' title="bbox 95 1058 1313 1167; baseline -0.002 -24"><span class='ocrx_word' id='word_1_54' title='bbox 95 1076 187 1167; x_wconf 90' lang='lat' dir='ltr'><strong>quod</strong></span> <span class='ocrx_word' id='word_1_55' title='bbox 212 1074 324 1142; x_wconf 87' lang='lat' dir='ltr'><strong>multis</strong></span> <span class='ocrx_word' id='word_1_56' title='bbox 344 1079 424 1141; x_wconf 82' lang='lat' dir='ltr'><strong>viris</strong></span> <span class='ocrx_word' id='word_1_57' title='bbox 442 1068 583 1142; x_wconf 87' lang='lat' dir='ltr'><strong>fortibus</strong></span> <span class='ocrx_word' id='word_1_58' title='bbox 600 1087 634 1140; x_wconf 90' lang='lat' dir='ltr'><strong>et</strong></span> <span class='ocrx_word' id='word_1_59' title='bbox 649 1080 808 1156; x_wconf 85' lang='lat' dir='ltr'><strong>strenuis,</strong></span> <span class='ocrx_word' id='word_1_60' title='bbox 836 1084 923 1140; x_wconf 90' lang='lat' dir='ltr'><strong>utet</strong></span> <span class='ocrx_word' id='word_1_61' title='bbox 937 1074 1090 1164; x_wconf 77' lang='lat' dir='ltr'><strong>aequales</strong></span> <span class='ocrx_word' id='word_1_62' title='bbox 1106 1085 1141 1140; x_wconf 90' lang='lat' dir='ltr'><strong>et</strong></span> <span class='ocrx_word' id='word_1_63' title='bbox 1189 1058 1196 1108; x_wconf 73' lang='lat'><strong>¹</strong></span> <span class='ocrx_word' id='word_1_64' title='bbox 1287 1094 1313 1159; x_wconf 10' lang='grc' dir='ltr'><strong>γ’</strong></span> 
     </span>
     <span class='ocr_line' id='line_1_8' title="bbox 92 1176 1140 1270; baseline -0.003 -25"><span class='ocrx_word' id='word_1_65' title='bbox 92 1184 222 1270; x_wconf 79' lang='lat' dir='ltr'><strong>posteri</strong></span> <span class='ocrx_word' id='word_1_66' title='bbox 250 1202 322 1245; x_wconf 90' lang='lat' dir='ltr'><strong>non</strong></span> <span class='ocrx_word' id='word_1_67' title='bbox 350 1176 469 1244; x_wconf 90' lang='lat' dir='ltr'><strong>eodem</strong></span> <span class='ocrx_word' id='word_1_68' title='bbox 499 1176 603 1245; x_wconf 91' lang='lat' dir='ltr'><strong>modo</strong></span> <span class='ocrx_word' id='word_1_69' title='bbox 633 1176 675 1245; x_wconf 88' lang='lat' dir='ltr'><strong>de</strong></span> <span class='ocrx_word' id='word_1_70' title='bbox 702 1179 760 1243; x_wconf 91' lang='lat' dir='ltr'><strong>illo</strong></span> <span class='ocrx_word' id='word_1_71' title='bbox 780 1188 979 1260; x_wconf 79' lang='lat' dir='ltr'><strong>statuerent,</strong></span> <span class='ocrx_word' id='word_1_72' title='bbox 1017 1181 1140 1270; x_wconf 81' lang='lat' dir='ltr'><strong>quippe</strong></span> 
     </span>
    </p>

    <p class='ocr_par' dir='ltr' id='par_1_5' title="bbox 17 1279 1250 3129">
     <span class='ocr_line' id='line_1_9' title="bbox 17 1279 1142 1372; baseline -0.005 -21"><span class='ocrx_word' id='word_1_73' title='bbox 17 1294 23 1301; x_wconf 87' lang='lat'>&#39;</span> <span class='ocrx_word' id='word_1_74' title='bbox 93 1280 268 1372; x_wconf 78' lang='lat' dir='ltr'><strong>quemalii</strong></span> <span class='ocrx_word' id='word_1_75' title='bbox 284 1279 501 1350; x_wconf 79' lang='lat' dir='ltr'><strong>vehementer</strong></span> <span class='ocrx_word' id='word_1_76' title='bbox 518 1292 728 1363; x_wconf 77' lang='lat' dir='ltr'><strong>accusarent,</strong></span> <span class='ocrx_word' id='word_1_77' title='bbox 756 1280 810 1346; x_wconf 88' lang='lat' dir='ltr'><strong>alii</strong></span> <span class='ocrx_word' id='word_1_78' title='bbox 831 1280 1016 1349; x_wconf 85' lang='lat' dir='ltr'><strong>laudarent.</strong></span> <span class='ocrx_word' id='word_1_79' title='bbox 1064 1280 1142 1346; x_wconf 82' lang='lat' dir='ltr'><strong>lam</strong></span> 
     </span>
     <span class='ocr_line' id='line_1_10' title="bbox 94 1380 1250 1483; baseline -0.007 -30"><span class='ocrx_word' id='word_1_80' title='bbox 94 1383 431 1483; x_wconf 75' lang='lat' dir='ltr'><strong>sonnatius-dehoc</strong></span> <span class='ocrx_word' id='word_1_81' title='bbox 452 1406 531 1473; x_wconf 86' lang='lat' dir='ltr'><strong>rege</strong></span> <span class='ocrx_word' id='word_1_82' title='bbox 553 1380 771 1475; x_wconf 80' lang='lat' dir='ltr'><strong>cogitantibus</strong></span> <span class='ocrx_word' id='word_1_83' title='bbox 792 1383 957 1453; x_wconf 83' lang='lat' dir='ltr'><strong>videbitur</strong></span> <span class='ocrx_word' id='word_1_84' title='bbox 977 1380 1082 1451; x_wconf 85' lang='lat' dir='ltr'><strong>homo</strong></span> <span class='ocrx_word' id='word_1_85' title='bbox 1105 1394 1143 1451; x_wconf 92' lang='lat' dir='ltr'><strong>ut</strong></span> <span class='ocrx_word' id='word_1_86' title='bbox 1167 1452 1169 1459; x_wconf 68' lang='grc'><strong>,</strong></span> <span class='ocrx_word' id='word_1_87' title='bbox 1243 1428 1250 1445; x_wconf 81' lang='lat'><strong>.</strong></span> 
     </span>
     <span class='ocr_line' id='line_1_11' title="bbox 94 1481 1146 1579; baseline -0.002 -23"><span class='ocrx_word' id='word_1_88' title='bbox 94 1494 232 1579; x_wconf 89' lang='lat' dir='ltr'><strong>ingenio</strong></span> <span class='ocrx_word' id='word_1_89' title='bbox 264 1498 361 1554; x_wconf 86' lang='lat' dir='ltr'><strong>acuto</strong></span> <span class='ocrx_word' id='word_1_90' title='bbox 385 1500 419 1557; x_wconf 89' lang='lat' dir='ltr'><strong>et</strong></span> <span class='ocrx_word' id='word_1_91' title='bbox 448 1488 582 1570; x_wconf 87' lang='lat' dir='ltr'><strong>callido,</strong></span> <span class='ocrx_word' id='word_1_92' title='bbox 613 1492 662 1555; x_wconf 83' lang='lat' dir='ltr'><strong>ito</strong></span> <span class='ocrx_word' id='word_1_93' title='bbox 692 1492 805 1553; x_wconf 85' lang='lat' dir='ltr'><strong>animo</strong></span> <span class='ocrx_word' id='word_1_94' title='bbox 819 1481 899 1569; x_wconf 74' lang='lat' dir='ltr'><strong>torti</strong></span> <span class='ocrx_word' id='word_1_95' title='bbox 920 1499 956 1554; x_wconf 90' lang='lat' dir='ltr'><strong>et</strong></span> <span class='ocrx_word' id='word_1_96' title='bbox 983 1486 1146 1573; x_wconf 78' lang='lat' dir='ltr'><strong>bellicoso</strong></span> 
     </span>
     <span class='ocr_line' id='line_1_12' title="bbox 91 1583 1141 1693; baseline -0.008 -30"><span class='ocrx_word' id='word_1_97' title='bbox 91 1606 234 1663; x_wconf 84' lang='lat' dir='ltr'><strong>ornatus</strong></span> <span class='ocrx_word' id='word_1_98' title='bbox 253 1583 586 1693; x_wconf 70' lang='lat' dir='ltr'><strong>(pelonpoynoodvnv</strong></span> <span class='ocrx_word' id='word_1_99' title='bbox 604 1590 674 1679; x_wconf 84' lang='lat' dir='ltr'><strong>ejus</strong></span> <span class='ocrx_word' id='word_1_100' title='bbox 696 1590 808 1656; x_wconf 92' lang='lat' dir='ltr'><strong>laudat</strong></span> <span class='ocrx_word' id='word_1_101' title='bbox 823 1590 923 1660; x_wconf 87' lang='lat' dir='ltr'><strong>Dem.</strong></span> <span class='ocrx_word' id='word_1_102' title='bbox 938 1590 1023 1661; x_wconf 82' lang='lat' dir='ltr'><strong>Phil</strong></span> <span class='ocrx_word' id='word_1_103' title='bbox 1037 1588 1141 1675; x_wconf 77' lang='lat' dir='ltr'><strong>l,·13,</strong></span> 
     </span>
     <span class='ocr_line' id='line_1_13' title="bbox 98 1693 1141 1791; baseline -0.005 -27"><span class='ocrx_word' id='word_1_104' title='bbox 98 1698 168 1787; x_wconf 85' lang='lat'><strong>1.),</strong></span> <span class='ocrx_word' id='word_1_105' title='bbox 194 1698 251 1791; x_wconf 82' lang='lat' dir='ltr'><strong>qui</strong></span> <span class='ocrx_word' id='word_1_106' title='bbox 264 1694 472 1785; x_wconf 70' lang='lat' dir='ltr'><strong>temporibus</strong></span> <span class='ocrx_word' id='word_1_107' title='bbox 484 1694 569 1760; x_wconf 88' lang='lat' dir='ltr'><strong>bene</strong></span> <span class='ocrx_word' id='word_1_108' title='bbox 585 1698 623 1762; x_wconf 84' lang='lat' dir='ltr'><strong>ln</strong></span> <span class='ocrx_word' id='word_1_109' title='bbox 636 1717 731 1760; x_wconf 88' lang='lat' dir='ltr'><strong>suam</strong></span> <span class='ocrx_word' id='word_1_110' title='bbox 745 1717 819 1760; x_wconf 89' lang='lat' dir='ltr'><strong>rem</strong></span> <span class='ocrx_word' id='word_1_111' title='bbox 834 1693 1006 1779; x_wconf 80' lang='lat' dir='ltr'><strong>utebatur3</strong></span> <span class='ocrx_word' id='word_1_112' title='bbox 1031 1714 1141 1781; x_wconf 89' lang='lat' dir='ltr'><strong>neque</strong></span> 
     </span>
     <span class='ocr_line' id='line_1_14' title="bbox 96 1794 1141 1887; baseline -0.005 -21"><span class='ocrx_word' id='word_1_113' title='bbox 96 1801 140 1867; x_wconf 86' lang='lat' dir='ltr'><strong>ab</strong></span> <span class='ocrx_word' id='word_1_114' title='bbox 172 1803 264 1866; x_wconf 90' lang='lat' dir='ltr'><strong>omni</strong></span> <span class='ocrx_word' id='word_1_115' title='bbox 279 1794 413 1887; x_wconf 56' lang='lat' dir='ltr'><strong>”justitia</strong></span> <span class='ocrx_word' id='word_1_116' title='bbox 438 1797 651 1866; x_wconf 84' lang='lat' dir='ltr'><strong>abhorruisse</strong></span> <span class='ocrx_word' id='word_1_117' title='bbox 673 1797 913 1864; x_wconf 82' lang='lat' dir='ltr'><strong>existimandus</strong></span> <span class='ocrx_word' id='word_1_118' title='bbox 937 1809 1003 1877; x_wconf 87' lang='lat' dir='ltr'><strong>est,</strong></span> <span class='ocrx_word' id='word_1_119' title='bbox 1034 1801 1141 1862; x_wconf 92' lang='lat' dir='ltr'><strong>immo</strong></span> 
     </span>
     <span class='ocr_line' id='line_1_15' title="bbox 95 1899 1142 1992; baseline -0.005 -21"><span class='ocrx_word' id='word_1_120' title='bbox 95 1908 188 1971; x_wconf 88' lang='lat' dir='ltr'><strong>mltis</strong></span> <span class='ocrx_word' id='word_1_121' title='bbox 210 1924 308 1992; x_wconf 89' lang='lat' dir='ltr'><strong>saepe</strong></span> <span class='ocrx_word' id='word_1_122' title='bbox 331 1901 395 1969; x_wconf 88' lang='lat' dir='ltr'><strong>fuit</strong></span> <span class='ocrx_word' id='word_1_123' title='bbox 419 1916 452 1968; x_wconf 92' lang='lat' dir='ltr'><strong>et</strong></span> <span class='ocrx_word' id='word_1_124' title='bbox 469 1901 641 1990; x_wconf 88' lang='lat' dir='ltr'><strong>benignus.</strong></span> <span class='ocrx_word' id='word_1_125' title='bbox 690 1901 779 1969; x_wconf 90' lang='lat' dir='ltr'><strong>Vide</strong></span> <span class='ocrx_word' id='word_1_126' title='bbox 794 1900 917 1966; x_wconf 89' lang='lat' dir='ltr'><strong>librum</strong></span> <span class='ocrx_word' id='word_1_127' title='bbox 931 1899 1142 1988; x_wconf 89' lang='lat' dir='ltr'><strong>praeclarum</strong></span> 
     </span>
     <span class='ocr_line' id='line_1_16' title="bbox 96 2001 1142 2094; baseline -0.005 -21"><span class='ocrx_word' id='word_1_128' title='bbox 96 2008 143 2074; x_wconf 90' lang='lat' dir='ltr'><strong>P.</strong></span> <span class='ocrx_word' id='word_1_129' title='bbox 164 2006 196 2072; x_wconf 91' lang='lat' dir='ltr'><strong>J.</strong></span> <span class='ocrx_word' id='word_1_130' title='bbox 218 2008 254 2073; x_wconf 81' lang='lat' dir='ltr'><strong>S.</strong></span> <span class='ocrx_word' id='word_1_131' title='bbox 273 2006 315 2072; x_wconf 91' lang='lat' dir='ltr'><em>V</em></span> <span class='ocrx_word' id='word_1_132' title='bbox 310 2008 418 2093; x_wconf 81' lang='lat' dir='ltr'><strong>agelii</strong></span> <span class='ocrx_word' id='word_1_133' title='bbox 425 2031 437 2071; x_wconf 90' lang='lat'><strong>.·</strong></span> <span class='ocrx_word' id='word_1_134' title='bbox 465 2003 668 2094; x_wconf 85' lang='lat' dir='ltr'><strong>Biographie</strong></span> <span class='ocrx_word' id='word_1_135' title='bbox 688 2016 820 2093; x_wconf 79' lang='lat' dir='ltr'><strong>g1·osser</strong></span> <span class='ocrx_word' id='word_1_136' title='bbox 842 2004 987 2073; x_wconf 74' lang='lat' dir='ltr'><strong>Minaei·</strong></span> <span class='ocrx_word' id='word_1_137' title='bbox 1003 2001 1060 2069; x_wconf 90' lang='lat' dir='ltr'><strong>des</strong></span> <span class='ocrx_word' id='word_1_138' title='bbox 1077 2001 1142 2070; x_wconf 86' lang='lat' dir='ltr'><strong>Al-</strong></span> 
     </span>
     <span class='ocr_line' id='line_1_17' title="bbox 94 2104 1142 2198; baseline -0.005 -20"><span class='ocrx_word' id='word_1_139' title='bbox 94 2107 563 2198; x_wconf 83' lang='lat' dir='ltr'><strong>terthums.Norbg.1790.</strong></span> <span class='ocrx_word' id='word_1_140' title='bbox 595 2104 698 2179; x_wconf 85' lang='lat' dir='ltr'><strong>T.11.</strong></span> <span class='ocrx_word' id='word_1_141' title='bbox 726 2131 760 2198; x_wconf 92' lang='lat' dir='ltr'><strong>p.</strong></span> <span class='ocrx_word' id='word_1_142' title='bbox 788 2108 837 2176; x_wconf 77' lang='lat'><strong>62</strong></span> <span class='ocrx_word' id='word_1_143' title='bbox 859 2130 929 2196; x_wconf 87' lang='lat' dir='ltr'><strong>sqq.</strong></span> <span class='ocrx_word' id='word_1_144' title='bbox 972 2105 1142 2173; x_wconf 87' lang='lat' dir='ltr'><strong>Plutarch.</strong></span> 
     </span>
     <span class='ocr_line' id='line_1_18' title="bbox 94 2210 1142 2302; baseline -0.007 -19"><span class='ocrx_word' id='word_1_145' title='bbox 94 2210 274 2302; x_wconf 86' lang='lat' dir='ltr'><strong>Apophth.</strong></span> <span class='ocrx_word' id='word_1_146' title='bbox 294 2211 374 2282; x_wconf 91' lang='lat' dir='ltr'><strong>Lib.</strong></span> <span class='ocrx_word' id='word_1_147' title='bbox 395 2212 455 2280; x_wconf 77' lang='lat' dir='ltr'><strong>Vt</strong></span> <span class='ocrx_word' id='word_1_148' title='bbox 504 2210 624 2302; x_wconf 85' lang='lat' dir='ltr'><strong>Polyb.</strong></span> <span class='ocrx_word' id='word_1_149' title='bbox 644 2210 687 2278; x_wconf 89' lang='lat' dir='ltr'><strong>de</strong></span> <span class='ocrx_word' id='word_1_150' title='bbox 708 2217 821 2280; x_wconf 77' lang='lat' dir='ltr'><strong>virtut.</strong></span> <span class='ocrx_word' id='word_1_151' title='bbox 842 2221 874 2277; x_wconf 92' lang='lat' dir='ltr'><strong>et</strong></span> <span class='ocrx_word' id='word_1_152' title='bbox 891 2215 992 2292; x_wconf 89' lang='lat' dir='ltr'><strong>vitiis,</strong></span> <span class='ocrx_word' id='word_1_153' title='bbox 1017 2213 1053 2275; x_wconf 88' lang='lat' dir='ltr'><strong>in</strong></span> <span class='ocrx_word' id='word_1_154' title='bbox 1070 2210 1142 2297; x_wconf 85' lang='lat' dir='ltr'><strong>ejus</strong></span> 
     </span>
     <span class='ocr_line' id='line_1_19' title="bbox 97 2312 1210 2406; baseline 0 -23"><span class='ocrx_word' id='word_1_155' title='bbox 97 2316 191 2404; x_wconf 85' lang='lat' dir='ltr'><strong>Opp.</strong></span> <span class='ocrx_word' id='word_1_156' title='bbox 214 2317 257 2385; x_wconf 83' lang='grc' dir='ltr'><strong>Τ.</strong></span> <span class='ocrx_word' id='word_1_157' title='bbox 273 2315 327 2384; x_wconf 91' lang='grc' dir='ltr'><strong>ΠΙ.</strong></span> <span class='ocrx_word' id='word_1_158' title='bbox 355 2338 391 2404; x_wconf 90' lang='lat' dir='ltr'><strong>p.</strong></span> <span class='ocrx_word' id='word_1_159' title='bbox 405 2315 457 2383; x_wconf 83' lang='grc'><strong>19</strong></span> <span class='ocrx_word' id='word_1_160' title='bbox 472 2339 543 2406; x_wconf 90' lang='lat' dir='ltr'><strong>sqq.</strong></span> <span class='ocrx_word' id='word_1_161' title='bbox 566 2315 617 2381; x_wconf 86' lang='lat' dir='ltr'><strong>ed.</strong></span> <span class='ocrx_word' id='word_1_162' title='bbox 633 2312 783 2383; x_wconf 87' lang='lat' dir='ltr'><strong>Vindob.</strong></span> <span class='ocrx_word' id='word_1_163' title='bbox 804 2314 872 2381; x_wconf 87' lang='lat' dir='ltr'><strong>Cic.</strong></span> <span class='ocrx_word' id='word_1_164' title='bbox 890 2315 921 2383; x_wconf 93' lang='lat' dir='ltr'><strong>d.</strong></span> <span class='ocrx_word' id='word_1_165' title='bbox 949 2313 1019 2382; x_wconf 88' lang='lat' dir='ltr'><strong>Off.</strong></span> <span class='ocrx_word' id='word_1_166' title='bbox 1037 2312 1060 2394; x_wconf 93' lang='lat' dir='ltr'><strong>I,</strong></span> <span class='ocrx_word' id='word_1_167' title='bbox 1080 2313 1143 2383; x_wconf 69' lang='lat'><strong>26.</strong></span> <span class='ocrx_word' id='word_1_168' title='bbox 1206 2314 1210 2318; x_wconf 69' lang='grc'><strong>’</strong></span> 
     </span>
     <span class='ocr_line' id='line_1_20' title="bbox 96 2413 1146 2509; baseline -0.007 -21"><span class='ocrx_word' id='word_1_169' title='bbox 96 2419 140 2505; x_wconf 92' lang='lat' dir='ltr'><strong>II,</strong></span> <span class='ocrx_word' id='word_1_170' title='bbox 164 2413 221 2486; x_wconf 76' lang='grc'><strong>14.</strong></span> <span class='ocrx_word' id='word_1_171' title='bbox 272 2418 308 2483; x_wconf 85' lang='lat' dir='ltr'><strong>Si</strong></span> <span class='ocrx_word' id='word_1_172' title='bbox 332 2419 615 2508; x_wconf 83' lang='lat' dir='ltr'><strong>Theopompum,</strong></span> <span class='ocrx_word' id='word_1_173' title='bbox 642 2422 840 2506; x_wconf 83' lang='lat' dir='ltr'><strong>scriptorem</strong></span> <span class='ocrx_word' id='word_1_174' title='bbox 864 2416 1038 2509; x_wconf 71' lang='lat' dir='ltr'><strong>acerbum,</strong></span> <span class='ocrx_word' id='word_1_175' title='bbox 1062 2415 1146 2504; x_wconf 80' lang='lat' dir='ltr'><strong>legi-</strong></span> 
     </span>
     <span class='ocr_line' id='line_1_21' title="bbox 96 2520 1144 2615; baseline -0.006 -24"><span class='ocrx_word' id='word_1_176' title='bbox 96 2547 176 2591; x_wconf 86' lang='lat' dir='ltr'><strong>mus</strong></span> <span class='ocrx_word' id='word_1_177' title='bbox 196 2526 355 2591; x_wconf 81' lang='lat' dir='ltr'><strong>conviciis</strong></span> <span class='ocrx_word' id='word_1_178' title='bbox 376 2545 482 2610; x_wconf 89' lang='lat' dir='ltr'><strong>paene</strong></span> <span class='ocrx_word' id='word_1_179' title='bbox 501 2526 653 2588; x_wconf 87' lang='lat' dir='ltr'><strong>insectari</strong></span> <span class='ocrx_word' id='word_1_180' title='bbox 672 2522 882 2615; x_wconf 71' lang='lat' dir='ltr'><strong>Philippum,</strong></span> <span class='ocrx_word' id='word_1_181' title='bbox 902 2542 1011 2611; x_wconf 87' lang='lat' dir='ltr'><strong>neque</strong></span> <span class='ocrx_word' id='word_1_182' title='bbox 1026 2520 1144 2607; x_wconf 79' lang='lat' dir='ltr'><strong>huic*)</strong></span> 
     </span>
     <span class='ocr_line' id='line_1_22' title="bbox 96 2623 1144 2716; baseline -0.002 -22"><span class='ocrx_word' id='word_1_183' title='bbox 96 2638 209 2716; x_wconf 72' lang='lat' dir='ltr'><strong>n‘eqae</strong></span> <span class='ocrx_word' id='word_1_184' title='bbox 251 2636 424 2692; x_wconf 87' lang='lat' dir='ltr'><strong>oratorum</strong></span> <span class='ocrx_word' id='word_1_185' title='bbox 458 2624 669 2691; x_wconf 87' lang='lat' dir='ltr'><strong>Graecorum</strong></span> <span class='ocrx_word' id='word_1_186' title='bbox 698 2626 841 2691; x_wconf 81' lang='lat' dir='ltr'><strong>invidiae</strong></span> <span class='ocrx_word' id='word_1_187' title='bbox 875 2636 925 2690; x_wconf 81' lang='lat' dir='ltr'><strong>est</strong></span> <span class='ocrx_word' id='word_1_188' title='bbox 945 2623 1144 2692; x_wconf 87' lang='lat' dir='ltr'><strong>cedendum.</strong></span> 
     </span>
     <span class='ocr_line' id='line_1_23' title="bbox 96 2725 1143 2816; baseline -0.004 -18"><span class='ocrx_word' id='word_1_189' title='bbox 96 2730 191 2799; x_wconf 84' lang='lat' dir='ltr'><strong>Vide</strong></span> <span class='ocrx_word' id='word_1_190' title='bbox 213 2729 258 2797; x_wconf 92' lang='lat' dir='ltr'><strong>B.</strong></span> <span class='ocrx_word' id='word_1_191' title='bbox 279 2728 323 2795; x_wconf 84' lang='lat' dir='ltr'><strong>G.</strong></span> <span class='ocrx_word' id='word_1_192' title='bbox 338 2726 537 2795; x_wconf 78' lang='lat' dir='ltr'><strong>Weisliam</strong></span> <span class='ocrx_word' id='word_1_193' title='bbox 558 2725 694 2799; x_wconf 85' lang='lat' dir='ltr'><strong>inlibro</strong></span> <span class='ocrx_word' id='word_1_194' title='bbox 711 2733 863 2816; x_wconf 74' lang='lat' dir='ltr'><strong>egregios</strong></span> <span class='ocrx_word' id='word_1_195' title='bbox 889 2725 930 2793; x_wconf 88' lang='lat' dir='ltr'><strong>de</strong></span> <span class='ocrx_word' id='word_1_196' title='bbox 944 2725 1143 2816; x_wconf 81' lang='lat' dir='ltr'><strong>hyperbole,</strong></span> 
     </span>
     <span class='ocr_line' id='line_1_24' title="bbox 97 2828 1143 2919; baseline -0.005 -18"><span class='ocrx_word' id='word_1_197' title='bbox 97 2856 258 2901; x_wconf 79' lang='lat' dir='ltr'><strong>errorum</strong></span> <span class='ocrx_word' id='word_1_198' title='bbox 288 2837 327 2898; x_wconf 88' lang='lat' dir='ltr'><strong>in</strong></span> <span class='ocrx_word' id='word_1_199' title='bbox 360 2828 498 2897; x_wconf 85' lang='lat' dir='ltr'><strong>historia</strong></span> <span class='ocrx_word' id='word_1_200' title='bbox 532 2829 677 2918; x_wconf 88' lang='lat' dir='ltr'><strong>Philippi</strong></span> <span class='ocrx_word' id='word_1_201' title='bbox 703 2836 958 2894; x_wconf 77' lang='lat' dir='ltr'><strong>commissorum</strong></span> <span class='ocrx_word' id='word_1_202' title='bbox 982 2835 1143 2919; x_wconf 78' lang='lat' dir='ltr'><strong>genitrice</strong></span> 
     </span>
     <span class='ocr_line' id='line_1_25' title="bbox 97 2929 1142 3027; baseline -0.007 -22"><span class='ocrx_word' id='word_1_203' title='bbox 97 2936 195 3027; x_wconf 85' lang='lat' dir='ltr'><strong>Lips.</strong></span> <span class='ocrx_word' id='word_1_204' title='bbox 208 2934 317 3005; x_wconf 84' lang='lat'><strong>1818.</strong></span> <span class='ocrx_word' id='word_1_205' title='bbox 342 2932 418 3018; x_wconf 86' lang='lat' dir='ltr'><strong>(cfr.</strong></span> <span class='ocrx_word' id='word_1_206' title='bbox 433 2934 578 3024; x_wconf 88' lang='lat' dir='ltr'><strong>Ephem.</strong></span> <span class='ocrx_word' id='word_1_207' title='bbox 593 2934 654 3000; x_wconf 88' lang='lat' dir='ltr'><strong>litt.</strong></span> <span class='ocrx_word' id='word_1_208' title='bbox 675 2932 769 3022; x_wconf 88' lang='lat' dir='ltr'><strong>Lips.</strong></span> <span class='ocrx_word' id='word_1_209' title='bbox 787 2932 822 2998; x_wconf 96' lang='lat' dir='ltr'>N</span> <span class='ocrx_word' id='word_1_210' title='bbox 824 2957 851 3001; x_wconf 88' lang='lat' dir='ltr'><strong>r.</strong></span> <span class='ocrx_word' id='word_1_211' title='bbox 862 2929 910 2999; x_wconf 84' lang='lat'><strong>86</strong></span> <span class='ocrx_word' id='word_1_212' title='bbox 926 2937 1005 2997; x_wconf 88' lang='lat' dir='ltr'><strong>anni</strong></span> <span class='ocrx_word' id='word_1_213' title='bbox 1017 2933 1142 3020; x_wconf 70' lang='lat'><strong>1821.)</strong></span> 
     </span>
     <span class='ocr_line' id='line_1_26' title="bbox 97 3032 1144 3129; baseline -0.005 -23"><span class='ocrx_word' id='word_1_214' title='bbox 97 3039 139 3117; x_wconf 84' lang='lat' dir='ltr'><strong>P.</strong></span> <span class='ocrx_word' id='word_1_215' title='bbox 154 3041 179 3107; x_wconf 95' lang='grc' dir='ltr'><strong>Ι.</strong></span> <span class='ocrx_word' id='word_1_216' title='bbox 200 3063 235 3129; x_wconf 90' lang='lat' dir='ltr'><strong>p.</strong></span> <span class='ocrx_word' id='word_1_217' title='bbox 249 3033 318 3107; x_wconf 77' lang='lat'><strong>49:</strong></span> <span class='ocrx_word' id='word_1_218' title='bbox 342 3060 463 3120; x_wconf 84' lang='lat' dir='ltr'><strong>„suum</strong></span> <span class='ocrx_word' id='word_1_219' title='bbox 481 3058 647 3128; x_wconf 88' lang='lat' dir='ltr'><strong>quemque</strong></span> <span class='ocrx_word' id='word_1_220' title='bbox 667 3037 873 3123; x_wconf 82' lang='lat' dir='ltr'><strong>(oratorem)</strong></span> <span class='ocrx_word' id='word_1_221' title='bbox 894 3032 1033 3102; x_wconf 89' lang='lat' dir='ltr'><strong>ducebat</strong></span> <span class='ocrx_word' id='word_1_222' title='bbox 1049 3041 1144 3125; x_wconf 87' lang='lat' dir='ltr'><strong>inge-</strong></span> 
     </span>
    </p>

    <p class='ocr_par' dir='ltr' id='par_1_6' title="bbox 32 3138 1170 3435">
     <span class='ocr_line' id='line_1_27' title="bbox 32 3138 1143 3233; baseline -0.006 -22"><span class='ocrx_word' id='word_1_223' title='bbox 32 3218 39 3229; x_wconf 50' lang='lat'><strong>,</strong></span> <span class='ocrx_word' id='word_1_224' title='bbox 62 3168 68 3177; x_wconf 93' lang='lat'><em>·</em></span> <span class='ocrx_word' id='word_1_225' title='bbox 97 3148 196 3211; x_wconf 87' lang='lat' dir='ltr'><strong>nium</strong></span> <span class='ocrx_word' id='word_1_226' title='bbox 210 3144 253 3209; x_wconf 85' lang='lat' dir='ltr'><strong>ed</strong></span> <span class='ocrx_word' id='word_1_227' title='bbox 265 3141 477 3233; x_wconf 86' lang='lat' dir='ltr'><strong>hyperbolas.</strong></span> <span class='ocrx_word' id='word_1_228' title='bbox 512 3142 576 3209; x_wconf 87' lang='lat' dir='ltr'><strong>His</strong></span> <span class='ocrx_word' id='word_1_229' title='bbox 591 3139 721 3209; x_wconf 73' lang='lat' dir='ltr'><strong>tacebat</strong></span> <span class='ocrx_word' id='word_1_230' title='bbox 734 3138 971 3206; x_wconf 88' lang='lat' dir='ltr'><strong>Demosthenis</strong></span> <span class='ocrx_word' id='word_1_231' title='bbox 987 3160 1036 3220; x_wconf 91' lang='lat' dir='ltr'><strong>ea,</strong></span> <span class='ocrx_word' id='word_1_232' title='bbox 1060 3161 1143 3229; x_wconf 88' lang='lat' dir='ltr'><strong>quae</strong></span> 
     </span>
     <span class='ocr_line' id='line_1_28' title="bbox 98 3243 1170 3336; baseline -0.004 -24"><span class='ocrx_word' id='word_1_233' title='bbox 98 3251 139 3312; x_wconf 89' lang='lat' dir='ltr'><strong>in</strong></span> <span class='ocrx_word' id='word_1_234' title='bbox 175 3253 308 3336; x_wconf 81' lang='lat' dir='ltr'><strong>egregio</strong></span> <span class='ocrx_word' id='word_1_235' title='bbox 336 3251 498 3312; x_wconf 84' lang='lat' dir='ltr'><strong>virtutum</strong></span> <span class='ocrx_word' id='word_1_236' title='bbox 529 3248 751 3327; x_wconf 81' lang='lat' dir='ltr'><strong>oratoriarum</strong></span> <span class='ocrx_word' id='word_1_237' title='bbox 780 3243 851 3333; x_wconf 88' lang='lat' dir='ltr'><strong>ejus</strong></span> <span class='ocrx_word' id='word_1_238' title='bbox 879 3254 1170 3332; x_wconf 79' lang='lat' dir='ltr'><strong>temperamento,</strong></span> 
     </span>
     <span class='ocr_line' id='line_1_29' title="bbox 99 3346 1144 3435; baseline -0.005 -19"><span class='ocrx_word' id='word_1_239' title='bbox 99 3350 286 3432; x_wconf 88' lang='lat' dir='ltr'><strong>eminebat,</strong></span> <span class='ocrx_word' id='word_1_240' title='bbox 315 3354 475 3416; x_wconf 89' lang='lat' dir='ltr'><strong>orationis</strong></span> <span class='ocrx_word' id='word_1_241' title='bbox 495 3354 545 3416; x_wconf 81' lang='lat' dir='ltr'><strong>vis</strong></span> <span class='ocrx_word' id='word_1_242' title='bbox 572 3373 613 3416; x_wconf 89' lang='lat' dir='ltr'><strong>ao</strong></span> <span class='ocrx_word' id='word_1_243' title='bbox 631 3347 854 3432; x_wconf 82' lang='lat' dir='ltr'><strong>vehementia,</strong></span> <span class='ocrx_word' id='word_1_244' title='bbox 887 3351 924 3412; x_wconf 92' lang='lat' dir='ltr'><strong>in</strong></span> <span class='ocrx_word' id='word_1_245' title='bbox 950 3346 1144 3435; x_wconf 83' lang='lat' dir='ltr'><strong>Philippicis</strong></span> 
     </span>
    </p>

    <p class='ocr_par' dir='ltr' id='par_1_7' title="bbox 61 3445 1144 3543">
     <span class='ocr_line' id='line_1_30' title="bbox 61 3445 1144 3543; baseline -0.006 -23"><span class='ocrx_word' id='word_1_246' title='bbox 61 3466 72 3485; x_wconf 61' lang='lat'>⁸</span> <span class='ocrx_word' id='word_1_247' title='bbox 99 3459 252 3520; x_wconf 85' lang='lat' dir='ltr'><strong>maxime</strong></span> <span class='ocrx_word' id='word_1_248' title='bbox 285 3458 482 3543; x_wconf 79' lang='lat' dir='ltr'><strong>conspicua3</strong></span> <span class='ocrx_word' id='word_1_249' title='bbox 521 3464 598 3520; x_wconf 91' lang='lat' dir='ltr'><strong>tum</strong></span> <span class='ocrx_word' id='word_1_250' title='bbox 633 3465 668 3518; x_wconf 89' lang='lat' dir='ltr'><strong>et</strong></span> <span class='ocrx_word' id='word_1_251' title='bbox 699 3448 938 3540; x_wconf 81' lang='lat' dir='ltr'><strong>grandisonum</strong></span> <span class='ocrx_word' id='word_1_252' title='bbox 966 3445 1144 3519; x_wconf 83' lang='lat' dir='ltr'><strong>Aeschinis</strong></span> 
     </span>
    </p>

    <p class='ocr_par' dir='ltr' id='par_1_8' title="bbox 99 3552 1148 4057">
     <span class='ocr_line' id='line_1_31' title="bbox 103 3552 1145 3645; baseline -0.004 -23"><span class='ocrx_word' id='word_1_253' title='bbox 103 3555 238 3622; x_wconf 88' lang='lat' dir='ltr'><strong>dicendi</strong></span> <span class='ocrx_word' id='word_1_254' title='bbox 275 3578 397 3644; x_wconf 85' lang='lat' dir='ltr'><strong>genus,</strong></span> <span class='ocrx_word' id='word_1_255' title='bbox 443 3567 479 3622; x_wconf 88' lang='lat' dir='ltr'><strong>et</strong></span> <span class='ocrx_word' id='word_1_256' title='bbox 512 3577 587 3622; x_wconf 88' lang='lat' dir='ltr'><strong>acre</strong></span> <span class='ocrx_word' id='word_1_257' title='bbox 616 3553 787 3645; x_wconf 84' lang='lat' dir='ltr'><strong>Lycurgi,</strong></span> <span class='ocrx_word' id='word_1_258' title='bbox 828 3566 861 3621; x_wconf 88' lang='lat' dir='ltr'><strong>et</strong></span> <span class='ocrx_word' id='word_1_259' title='bbox 897 3552 1018 3620; x_wconf 80' lang='lat' dir='ltr'><strong>salsum</strong></span> <span class='ocrx_word' id='word_1_260' title='bbox 1047 3563 1145 3642; x_wconf 87' lang='lat' dir='ltr'><strong>atque</strong></span> 
     </span>
     <span class='ocr_line' id='line_1_32' title="bbox 102 3654 1145 3746; baseline 0.001 -22"><span class='ocrx_word' id='word_1_261' title='bbox 102 3658 263 3725; x_wconf 83' lang='lat' dir='ltr'><strong>acerbum</strong></span> <span class='ocrx_word' id='word_1_262' title='bbox 288 3657 481 3728; x_wconf 86' lang='lat' dir='ltr'><strong>Demadis.“</strong></span> <span class='ocrx_word' id='word_1_263' title='bbox 529 3658 598 3726; x_wconf 80' lang='lat' dir='ltr'><strong>Otr.</strong></span> <span class='ocrx_word' id='word_1_264' title='bbox 621 3656 731 3725; x_wconf 84' lang='lat' dir='ltr'><strong>Wolf.</strong></span> <span class='ocrx_word' id='word_1_265' title='bbox 753 3657 844 3725; x_wconf 91' lang='lat' dir='ltr'><strong>Prol.</strong></span> <span class='ocrx_word' id='word_1_266' title='bbox 875 3655 976 3746; x_wconf 89' lang='lat' dir='ltr'><strong>Lept.</strong></span> <span class='ocrx_word' id='word_1_267' title='bbox 1003 3680 1038 3746; x_wconf 89' lang='lat' dir='ltr'><strong>p.</strong></span> <span class='ocrx_word' id='word_1_268' title='bbox 1063 3654 1145 3725; x_wconf 88' lang='lat' dir='ltr'><strong>LX.</strong></span> 
     </span>
     <span class='ocr_line' id='line_1_33' title="bbox 99 3755 1147 3845; baseline -0.007 -14"><span class='ocrx_word' id='word_1_269' title='bbox 99 3760 205 3831; x_wconf 84' lang='lat' dir='ltr'><strong>Adde</strong></span> <span class='ocrx_word' id='word_1_270' title='bbox 236 3763 278 3830; x_wconf 88' lang='lat' dir='ltr'><em>V</em></span> <span class='ocrx_word' id='word_1_271' title='bbox 274 3762 509 3830; x_wconf 75' lang='lat' dir='ltr'><strong>alchenarium</strong></span> <span class='ocrx_word' id='word_1_272' title='bbox 538 3762 579 3830; x_wconf 87' lang='lat' dir='ltr'><strong>de</strong></span> <span class='ocrx_word' id='word_1_273' title='bbox 608 3760 738 3845; x_wconf 90' lang='lat' dir='ltr'><strong>indole,</strong></span> <span class='ocrx_word' id='word_1_274' title='bbox 778 3760 953 3829; x_wconf 81' lang='lat' dir='ltr'><strong>virtutibus</strong></span> <span class='ocrx_word' id='word_1_275' title='bbox 984 3771 1017 3826; x_wconf 86' lang='lat' dir='ltr'><strong>et</strong></span> <span class='ocrx_word' id='word_1_276' title='bbox 1045 3755 1147 3826; x_wconf 86' lang='lat' dir='ltr'><strong>rebus</strong></span> 
     </span>
     <span class='ocr_line' id='line_1_34' title="bbox 100 3858 1148 3954; baseline -0.003 -23"><span class='ocrx_word' id='word_1_277' title='bbox 100 3871 203 3953; x_wconf 87' lang='lat' dir='ltr'><strong>gestis</strong></span> <span class='ocrx_word' id='word_1_278' title='bbox 236 3864 391 3954; x_wconf 92' lang='lat' dir='ltr'><strong>Philippi.</strong></span> <span class='ocrx_word' id='word_1_279' title='bbox 431 3864 477 3932; x_wconf 93' lang='lat' dir='ltr'><strong>L.</strong></span> <span class='ocrx_word' id='word_1_280' title='bbox 500 3865 540 3932; x_wconf 94' lang='grc' dir='ltr'><strong>Β.</strong></span> <span class='ocrx_word' id='word_1_281' title='bbox 564 3858 673 3933; x_wconf 77' lang='grc'><strong>1784.</strong></span> <span class='ocrx_word' id='word_1_282' title='bbox 701 3887 735 3953; x_wconf 90' lang='lat' dir='ltr'><strong>p.</strong></span> <span class='ocrx_word' id='word_1_283' title='bbox 759 3864 846 3933; x_wconf 68' lang='lat'><strong>239.</strong></span> <span class='ocrx_word' id='word_1_284' title='bbox 876 3876 917 3937; x_wconf 48' lang='lat' dir='ltr'><strong>et.</strong></span> <span class='ocrx_word' id='word_1_285' title='bbox 932 3863 1148 3931; x_wconf 76' lang='lat' dir='ltr'><strong>Dromonn’a</strong></span> 
     </span>
     <span class='ocr_line' id='line_1_35' title="bbox 99 3962 1148 4057; baseline 0 -22"><span class='ocrx_word' id='word_1_286' title='bbox 99 3967 206 4035; x_wconf 88' lang='lat' dir='ltr'><strong>Ideen</strong></span> <span class='ocrx_word' id='word_1_287' title='bbox 223 3993 285 4036; x_wconf 83' lang='lat' dir='ltr'><strong>zur</strong></span> <span class='ocrx_word' id='word_1_288' title='bbox 307 3967 430 4039; x_wconf 85' lang='lat' dir='ltr'><strong>Gesch.</strong></span> <span class='ocrx_word' id='word_1_289' title='bbox 455 3971 488 4039; x_wconf 89' lang='lat' dir='ltr'><strong>d.</strong></span> <span class='ocrx_word' id='word_1_290' title='bbox 509 3966 654 4038; x_wconf 84' lang='lat' dir='ltr'><strong>Verfells</strong></span> <span class='ocrx_word' id='word_1_291' title='bbox 678 3967 738 4034; x_wconf 90' lang='lat' dir='ltr'><strong>der</strong></span> <span class='ocrx_word' id='word_1_292' title='bbox 752 3966 1033 4057; x_wconf 62' lang='lat' dir='ltr'><strong>griech.,Staaten.</strong></span> <span class='ocrx_word' id='word_1_293' title='bbox 1057 3962 1148 4035; x_wconf 87' lang='lat' dir='ltr'><strong>Berl.</strong></span> 
     </span>
    </p>
   </div>
   <div class='ocr_carea' id='block_1_3' title="bbox 101 4150 313 4167">
    <p class='ocr_par' dir='ltr' id='par_1_9' title="bbox 101 4150 313 4167">
     <span class='ocr_line' id='line_1_36' title="bbox 101 4150 313 4167; baseline -0.014 0"><span class='ocrx_word' id='word_1_294' title='bbox 101 4150 313 4167; x_wconf 57' lang='lat' dir='ltr'><strong>m..-</strong></span> 
     </span>
    </p>
   </div>
   <div class='ocr_carea' id='block_1_4' title="bbox 97 4247 1150 4413">
    <p class='ocr_par' dir='ltr' id='par_1_10' title="bbox 97 4247 1150 4413">
     <span class='ocr_line' id='line_1_37' title="bbox 171 4247 1150 4326; baseline -0.003 -19"><span class='ocrx_word' id='word_1_295' title='bbox 171 4253 199 4323; x_wconf 64' lang='lat' dir='ltr'><strong>¹l)</strong></span> <span class='ocrx_word' id='word_1_296' title='bbox 222 4250 293 4307; x_wconf 69' lang='lat' dir='ltr'><strong>vtae</strong></span> <span class='ocrx_word' id='word_1_297' title='bbox 312 4251 448 4322; x_wconf 74' lang='lat' dir='ltr'><strong>judicium</strong></span> <span class='ocrx_word' id='word_1_298' title='bbox 471 4247 576 4326; x_wconf 77' lang='lat' dir='ltr'><strong>Polybii</strong></span> <span class='ocrx_word' id='word_1_299' title='bbox 602 4253 636 4306; x_wconf 82' lang='lat' dir='ltr'><strong>ds</strong></span> <span class='ocrx_word' id='word_1_300' title='bbox 659 4250 921 4326; x_wconf 65' lang='lat' dir='ltr'><strong>Theopompum.</strong></span> <span class='ocrx_word' id='word_1_301' title='bbox 947 4262 975 4306; x_wconf 78' lang='lat' dir='ltr'><strong>et</strong></span> <span class='ocrx_word' id='word_1_302' title='bbox 1000 4247 1096 4323; x_wconf 68' lang='lat' dir='ltr'><strong>tangi</strong></span> <span class='ocrx_word' id='word_1_303' title='bbox 1115 4249 1150 4304; x_wconf 83' lang='lat' dir='ltr'><strong>dc</strong></span> 
     </span>
     <span class='ocr_line' id='line_1_38' title="bbox 97 4336 723 4413; baseline 0.006 -20"><span class='ocrx_word' id='word_1_304' title='bbox 97 4336 275 4411; x_wconf 65' lang='lat' dir='ltr'><strong>Theopompi</strong></span> <span class='ocrx_word' id='word_1_305' title='bbox 291 4343 344 4394; x_wconf 69' lang='lat' dir='ltr'><strong>ritu</strong></span> <span class='ocrx_word' id='word_1_306' title='bbox 363 4353 389 4393; x_wconf 83' lang='lat' dir='ltr'><strong>et</strong></span> <span class='ocrx_word' id='word_1_307' title='bbox 404 4343 521 4411; x_wconf 77' lang='lat' dir='ltr'><strong>scriptis.</strong></span> <span class='ocrx_word' id='word_1_308' title='bbox 538 4341 627 4396; x_wconf 81' lang='lat' dir='ltr'><strong>lterol.</strong></span> <span class='ocrx_word' id='word_1_309' title='bbox 647 4342 723 4413; x_wconf 80' lang='lat'><strong>1827.</strong></span> 
     </span>
    </p>
   </div>
   <div class='ocr_carea' id='block_1_5' title="bbox 0 0 1360 4974">
    <p class='ocr_par' dir='ltr' id='par_1_11' title="bbox 0 0 1360 4974">
     <span class='ocr_line' id='line_1_39' title="bbox 0 0 1360 4974; baseline 0 0"><span class='ocrx_word' id='word_1_310' title='bbox 0 0 1360 4974; x_wconf 95' lang='lat' dir='ltr'><strong> </strong></span> 
     </span>
    </p>
   </div>
  </div>
 </body>
</html>
