2656 4980
127 336 223 403 soc
279 422 282 431 Ι
334 298 349 321 ”
390 327 956 394 οοΜιιΕΝιΑιι.Ηιείοιι.

1137 424 1151 457 0

153 492 251 582 nymc'
279 493 346 558 vite
375 489 476 557 Dem.
501 491 558 573 (in
584 487 698 557 Reisk.
717 484 778 555 Or.
801 487 845 553 T.
867 485 928 567 IV,
950 472 1189 570 145-1ἷ9.)

154 596 310 661 Rciskius
337 594 360 660 l.
383 595 405 660 l.
435 616 469 683 p.
496 590 580 660 143.
607 592 689 659 heco
717 590 833 659 hahet:
880 591 1035 673 „Zosimi
1063 587 1189 677 quidem

158 697 374 787 opusculum,
399 709 439 763 ut
458 701 616 763 orationis
636 692 773 761 infantie
795 706 829 761 et
850 699 1024 783 spurcitie,
1048 697 1093 758 itu
1104 695 1188 779 nugis

157 824 293 891 quoque
310 800 450 867 anilibus
464 812 498 865 et
512 803 708 866 commentis
721 803 760 864 in
777 803 953 864 veritatem
966 820 1083 864 rerum
1096 794 1188 860 histo-

156 911 263 971 ricam
281 905 486 973 abnormiter
499 901 759 990 impingentibus
774 892 963 992 putidilque
986 899 1111 989 fabellis¹
1129 921 1189 963 scn-

38 1086 43 1095 ,
158 1019 217 1074 tet.
256 1011 443 1092 Posterius,
469 1017 518 1071 est
540 1005 625 1071 illud
648 1004 783 1095 quidem
799 1005 916 1104 ,paullo
935 1008 1072 1089 tersius,
1096 1001 1188 1085 sedin

158 1134 195 1177 se
206 1172 211 1181 ,
224 1116 338 1198 ipsum
359 1131 493 1198 quoque
512 1109 595 1177 leve.
645 1108 761 1176 Ambo
780 1109 836 1175 itta
858 1108 1018 1197 opuscula
1037 1104 1119 1173 nihil
1138 1125 1189 1169 nos
1232 1168 1236 1177 ,

160 1215 301 1297 docent,
336 1213 427 1301 quod
444 1235 515 1277 non
531 1211 659 1277 dudum
673 1232 864 1293 nossemus,
891 1223 1002 1277 auten
1016 1210 1110 1276 nobis
1125 1229 1190 1296 per-

159 1340 295 1383 suasum
310 1327 409 1398 eunt,
435 1337 519 1404 quae
533 1338 706 1404 nunquam
721 1321 943 1396 comittemns,
964 1327 1003 1380 ut
1019 1313 1113 1379 uobis
1126 1333 1191 1407 ppr-

159 1419 397 1487 suadenntur.“
439 1418 571 1485 Saietae
586 1423 650 1491 tria
665 1418 850 1508 fragmenta
865 1419 907 1485 de
921 1422 987 1487 vitu
1003 1413 1192 1482 Demosthe-

158 1528 212 1589 nis
234 1519 272 1617 (s.
288 1518 523 1611 Δημοσθένης)
546 1527 725 1610 congessit,
752 1546 898 1612 quorum
915 1521 1015 1602 illud,
1045 1517 1133 1609 quod
1151 1538 1193 1581 se-

162 1625 312 1692 cundum
333 1637 425 1691 tenet
446 1625 577 1714 locum,
603 1630 720 1691 ceteris
733 1626 827 1692 facile
845 1624 1062 1715 praetuleris,
1101 1622 1193 1689 Ere-

163 1728 364 1801 nentioribus
391 1729 608 1817 scriptoribus
627 1725 737 1798 Andr.
755 1729 917 1796 Sclzottus
938 1733 1041 1795 vitum
1056 1725 1194 1793 Oratoris

28 1858 31 1863 ·
162 1834 205 1899 ed
226 1856 332 1915 annos
347 1833 498 1927 digessit,
520 1832 641 1920 legitur
654 1838 691 1898 in
704 1837 799 1898 initio
813 1832 865 1898 cd.
878 1833 926 1897 H.
939 1826 1078 1899 Wotfii.
1117 1827 1195 1917 Tay·

101 1952 105 1959 '
162 1937 216 2002 lor
236 1937 365 2024 largam
386 1935 518 2029 collegit
531 1939 705 2001 materiem
723 1934 812 2025 opud
828 1934 941 2001 Reisk.
958 1924 1040 2002 ¹Orr.
1056 1957 1106 2022 gr.
1117 1929 1195 2007 Vni,

162 2039 239 2106 738
263 2062 334 2127 sqq.
377 2038 503 2104 Nostra
532 2049 639 2105 aetate
664 2041 709 2107 A.
729 2037 773 2104 G.
788 2036 919 2107 Becker
942 2041 959 2122 (
966 2036 1197 2103 Demosthenes

162 2142 209 2207 uls
233 2142 443 2207 Suatsnsnn
460 2164 495 2207 u.
519 2139 669 2210 Redner.
700 2141 800 2207 Helle
819 2138 956 2232 1815.)
982 2140 1140 2208 subtiliter
1153 2136 1198 2202 de

97 2294 104 2305 .
161 2250 231 2311 vito
251 2242 353 2309 Dcm.
375 2248 542 2331 exposuit.
590 2243 709 2332 Elegia
724 2256 876 2313 veterum
891 2256 1066 2311 suetorum
1080 2243 1121 2308 de
1135 2241 1199 2307 De·

160 2345 339 2413 mosthene
362 2343 408 2410 H.
424 2345 576 2413 Wolfius
600 2346 737 2413 editioni
758 2370 837 2414 sune
858 2348 1032 2437 praefixit,
1058 2345 1200 2437 equibus

161 2448 267 2515 affero
286 2445 394 2516 Cicer.
411 2448 507 2518 Brut
516 2447 568 2515 9.:
590 2449 709 2534 „Nihil
722 2463 817 2516 acute
830 2454 1098 2540 inveniri2potuit
1110 2454 1146 2515 in
1161 2451 1201 2513 eis

162 2556 267 2647 oensis
274 2602 286 2641 ,
312 2574 394 2641 quas
407 2557 539 2641 scripsit
554 2546 840 2646 (Demosthenes),
864 2554 948 2620 nihil
962 2557 1013 2641 (ut
1028 2559 1073 2621 ito
1088 2547 1201 2639 dicem)

62 2706 64 2710 ,
162 2654 313 2736 subdole,
337 2655 421 2720 nihil
439 2667 582 2738 versute,
609 2657 701 2747 quod
718 2658 773 2725 ille
788 2681 859 2725 non
872 2657 1009 2726 viderit:
1032 2656 1118 2724 nihil
1133 2654 1202 2721 sub-

160 2759 264 2823 tiliter
284 2758 369 2842 dici,
387 2758 474 2825 nihil
493 2781 626 2847 presse,
652 2761 735 2828 nihil
753 2761 940 2843 enucleate,
963 2784 1030 2852 quo
1046 2760 1121 2827 fieri
1134 2782 1205 2850 pos-

162 2867 204 2927 sit
226 2861 350 2952 aliquid
372 2861 534 2928 limatius:
563 2863 652 2930 nihil
677 2875 801 2931 contra-
817 2865 960 2952 grande,
987 2863 1072 2930 nihil
1096 2868 1206 2929 incite-

160 2978 254 3047 tum,
275 2965 361 3031 nihil
386 2979 545 3033 ornatum
567 2966 622 3034 vel
638 2967 822 3053 verborum
837 2972 999 3056 gravitate
1013 2967 1066 3034 vel
1079 2978 1208 3033 senten·

161 3075 298 3149 timum,
321 3092 389 3158 quo
407 3068 589 3158 quidquem
603 3083 690 3136 esset
705 3071 870 3137 elatius'.“·
888 3070 958 3138 Cfr.
969 3071 1001 3137 d.
1016 3070 1113 3139 Orat.
1120 3067 1208 3157 I,61.

161 3172 240 3240 Vel.
259 3172 356 3240 Max.
376 3171 468 3260 VllI,
484 3172 519 3240 7.
548 3173 701 3242 Juvenal.
712 3173 760 3256 X,
780 3167 864 3242 114.
910 3175 1080 3241 Judicium
1102 3164 1209 3262 siugu-

159 3276 233 3342 lnre
251 3280 328 3363 ,περὶ
347 3273 588 3360 Λημοσθένους
613 3274 796 3362 δεινότητος
818 3277 972 3344 exhibuit
985 3278 1130 3369 Dionys.
1140 3276 1210 3344 Ηιι·

163 3380 280 3445 licsrn.
302 3386 339 3444 in
361 3377 454 3467 Opp.
478 3379 530 3447 ed.
554 3378 667 3451 Reislt.
691 3381 735 3448 T.
748 3381 810 3450 Vl.
837 3404 871 3469 p.
893 3380 967 3450 953
992 3385 1101 3471 sqq.*)
1143 3378 1208 3447 cfr.

162 3482 328 3549 Jaenisct
351 3482 714 3552 bethetisch-critische
737 3485 897 3552 Perellele
920 3484 953 3551 d.
974 3484 1077 3553 Dem.
1101 3476 1134 3551 u.
1156 3484 1210 3551 ci-

90 3634 95 3644 .
162 3610 252 3651 cero.
284 3584 373 3651 Berl.
399 3585 508 3663 1801.
541 3609 576 3675 p.
600 3580 666 3656 6'4:
696 3588 794 3670 „Das
821 3587 947 3653 Grosse
974 3587 1124 3670 einfach,
1157 3587 1210 3653 dns

163 3689 286 3754 Kleine
300 3687 448 3778 gefsllig,
470 3689 528 3757 das
543 3690 680 3758 Dunkls
695 3693 782 3778 ldar,
808 3690 865 3755 dns
880 3690 906 3756 F
907 3697 980 3757 eine
993 3690 1211 3759 vet-stindlich

33 3846 37 3863 ,
163 3792 235 3859 und
261 3791 391 3859 fnsslich
415 3816 457 3861 zu
481 3816 582 3883 sogen
603 3834 654 3847 —-
676 3800 714 3862 in
729 3796 837 3862 dieser
850 3794 964 3861 Kunst
976 3800 1019 3860 ist
1037 3796 1117 3861 kein
1133 3792 1224 3865 ulter'

174 3985 380 4007 m

230 4099 263 4169 ⁶)
291 4104 379 4156 Vide:
409 4089 520 4175 Dionys.
551 4106 619 4159 iiber
643 4106 687 4159 die
712 4105 916 4175 liednergewslt
940 4107 988 4161 des
1012 4108 1214 4164 Demosthenes.

161 4188 273 4243 Uebers.
293 4208 319 4242 u.
337 4194 463 4244 erttutert
484 4211 534 4244 sou
554 4194 591 4247 A.
611 4192 644 4248 (2.
659 4192 771 4245 Becker.
805 4194 888 4246 Nebst
906 4197 978 4248 einer
994 4195 1129 4251 Abhnndl.
1149 4196 1214 4248 iiber

161 4276 271 4345 Dionys.
292 4279 330 4326 ais
350 4278 548 4336 sterben-crit,
567 4279 769 4332 Solu-iintellcr·
797 4281 936 4339 Wolleub.
956 4300 982 4332 u.
1000 4281 1089 4350 Lcipz.
1109 4280 1184 4351 1829·
