2656 4980
167 860 173 875 ,
283 770 973 905 ΑΒουΜΕΝΤυΜ.

155 1224 164 1235 -
284 1178 403 1263 Oratio
422 1175 506 1247 haec
525 1156 580 1249 bis
600 1184 789 1273 continetur
808 1180 975 1274 partibusz

111 1274 369 1406 Postquam'in
389 1313 532 1381 exordio
552 1312 723 1406 professus
743 1327 832 1395 erat,
869 1338 925 1398 se,
960 1335 1153 1406 quanquam

111 1432 264 1511 tmpore
284 1421 350 1485 sint
368 1421 590 1508 iniquissima,
614 1429 749 1505 tamen,
774 1417 896 1513 quibus
912 1415 1015 1487 rebus
1030 1423 1153 1487 emissa

111 1525 237 1596 resfitui
258 1524 406 1614 possint,
431 1521 600 1609 dicturum
623 1520 693 1612 (l).

111 1659 136 1732 Ι.
157 1634 399 1725 contendisse
422 1651 694 1748 utiliasuadeeo,
719 1664 794 1722 tum
816 1651 908 1746 quod
929 1676 1013 1745 qnae
1029 1653 1072 1722 de
1089 1667 1153 1722 exi

157 1759 331 1855 peditione
362 1754 552 1827 Euboeensi
575 1757 805 1846 praedixerat,
843 1748 1046 1840 evenissent,
1075 1769 1152 1827 tum

160 1862 255 1953 qnod
275 1861 516 1950 Neptolemus,
538 1861 633 1949 eujus
654 1861 789 1928 consilia
809 1864 879 1951 ipse
893 1860 1152 1953 improbaverat,

112 2014 118 2035 .
159 1965 204 2032 ad
225 1963 419 2054 Philippum
439 1986 474 2030 se
492 1965 705 2040 eontulissets
723 1986 833 2053 neque
849 1986 884 2030 se
897 1954 967 2052 iis,
990 1964 1154 2056 qurPhia
1206 2045 1209 2051 Ι

158 2062 246 2159 lippi
264 2067 515 2156 pollicitationes
538 2068 725 2159 jactassent,
751 2067 854 2138 ullum
873 2067 1027 2138 habuisse
1048 2067 1153 2146 fidem

111 2304 149 2375 Π.
167 2304 311 2392 Rogat,
350 2314 390 2369 ut
412 2324 547 2391 pacem,
582 2325 683 2394 quam
704 2306 777 2393 ipse
793 2326 865 2372 non
887 2301 1027 2394 probat,
1067 2309 1155 2374 cives

158 2417 302 2490 servent,
315 2429 425 2497 neque
437 2405 707 2498 Amphictyonas
717 2406 760 2473 ad
774 2403 899 2475 bellum
912 2413 1059 2477 excitent
1065 2406 1132 2502 (IV
1129 2416 1156 2498 ),

111 2535 383 2630 [II.'Confirmot
403 2544 612 2628 rogationem
632 2560 692 2620 eo,
719 2538 812 2628 quod
831 2544 892 2606 etsi
909 2563 981 2608 non
999 2555 1156 2611 metuens

159 2644 262 2727 dnm,
291 2665 353 2723 ne,
375 2640 463 2708 bello
487 2653 603 2710 contra
626 2642 821 2732 Philippum
841 2656 980 2726 exorto,
1003 2646 1155 2713 Graecae

159 2743 320 2814 civitates'
337 2742 494 2812 adversus
519 2743 743 2813 Athenienses
766 2768 859 2812 arma
883 2743 1010 2829 ferant,
1040 2759 1156 2815 tamen

159 2840 347 2917 cavendnm
366 2853 423 2930 sit,
448 2872 492 2916 ne
507 2849 571 2917 tale
587 2849 713 2916 bellum
730 2853 929 2940 suscipiant,
954 2849 1046 2941 quod
1061 2874 1156 2918 com·

159 2975 283 3021 munes
305 2957 435 3018 excitet·
449 2952 636 3019 inimicitias
658 2976 737 3020 eum
755 2953 899 3021 aliorum
916 2965 991 3022 tum
1008 2953 1156 3023 Thessa-

158 3057 293 3137 lorum,
316 3048 610 3123 Thebanorum‘et
620 3055 768 3147 Philippi
792 3056 948 3150 (V0Vl).

111 3192 169 3262 [V.
193 3189 399 3256 Peroratio.-
430 3189 526 3256 illud.
546 3190 730 3280 agendum,
763 3200 819 3272 ut,
851 3191 940 3257 selva
961 3213 1019 3258 uua
1041 3202 1156 3258 aucto-

157 3297 293 3374 ritate,
309 3291 435 3359 bellum
461 3291 684 3362 Athenienses
714 3297 838 3361 evitent
864 3317 974 3383 neque
997 3315 1082 3385 vana
1114 3293 1157 3362 de
1228 3312 1232 3319 '
1259 3319 1269 3337 ·

157 3419 259 3463 cansa
281 3394 420 3462 subeant
433 3393 537 3491 (VII).

534 3696 736 3718 2⁴-
