<?xml version="1.0" encoding="UTF-8"?>
<!DOCTYPE html PUBLIC "-//W3C//DTD XHTML 1.0 Transitional//EN"
    "http://www.w3.org/TR/xhtml1/DTD/xhtml1-transitional.dtd">
<html xmlns="http://www.w3.org/1999/xhtml" xml:lang="en" lang="en">
 <head>
  <title>
</title>
<meta http-equiv="Content-Type" content="text/html;charset=utf-8" />
  <meta name='ocr-system' content='tesseract 3.04.00' />
  <meta name='ocr-capabilities' content='ocr_page ocr_carea ocr_par ocr_line ocrx_word'/>
</head>
<body>
  <div class='ocr_page' id='page_1' title='image "./philippicaprima00demogoog_0023.png"; bbox 0 0 2656 4980; ppageno 0'>
   <div class='ocr_carea' id='block_1_1' title="bbox 134 392 996 483">
    <p class='ocr_par' dir='ltr' id='par_1_1' title="bbox 134 392 996 483">
     <span class='ocr_line' id='line_1_1' title="bbox 134 392 996 483; baseline 0 -16"><span class='ocrx_word' id='word_1_1' title='bbox 134 414 199 472; x_wconf 73' lang='lat' dir='ltr'><strong>xiv</strong></span> <span class='ocrx_word' id='word_1_2' title='bbox 372 392 665 483; x_wconf 84' lang='lat' dir='ltr'><strong>EXPLICATIO</strong></span> <span class='ocrx_word' id='word_1_3' title='bbox 692 393 996 467; x_wconf 82' lang='lat' dir='ltr'><strong>NOTARUM.</strong></span> 
     </span>
    </p>
   </div>
   <div class='ocr_carea' id='block_1_2' title="bbox 104 557 1184 764">
    <p class='ocr_par' dir='ltr' id='par_1_2' title="bbox 104 557 1184 764">
     <span class='ocr_line' id='line_1_2' title="bbox 104 557 1184 669; baseline 0.002 -33.057"><span class='ocrx_word' id='word_1_4' title='bbox 104 557 261 636; x_wconf 89' lang='lat' dir='ltr'><strong>tenens.</strong></span> <span class='ocrx_word' id='word_1_5' title='bbox 312 567 568 635; x_wconf 86' lang='lat' dir='ltr'><strong>Commodum</strong></span> <span class='ocrx_word' id='word_1_6' title='bbox 558 592 595 634; x_wconf 90' lang='lat' dir='ltr'><strong>m</strong></span> <span class='ocrx_word' id='word_1_7' title='bbox 617 568 768 634; x_wconf 86' lang='lat' dir='ltr'><strong>ordinem</strong></span> <span class='ocrx_word' id='word_1_8' title='bbox 790 567 953 656; x_wconf 88' lang='lat' dir='ltr'><strong>digestum</strong></span> <span class='ocrx_word' id='word_1_9' title='bbox 971 568 1184 669; x_wconf 85' lang='lat' dir='ltr'><strong>aliorumque</strong></span> 
     </span>
     <span class='ocr_line' id='line_1_3' title="bbox 135 660 1183 764; baseline 0.004 -26"><span class='ocrx_word' id='word_1_10' title='bbox 135 685 170 738; x_wconf 89' lang='lat' dir='ltr'><strong>et</strong></span> <span class='ocrx_word' id='word_1_11' title='bbox 194 678 260 753; x_wconf 74' lang='lat' dir='ltr'><strong>suis</strong></span> <span class='ocrx_word' id='word_1_12' title='bbox 268 673 551 737; x_wconf 75' lang='lat' dir='ltr'><strong>annotationibus</strong></span> <span class='ocrx_word' id='word_1_13' title='bbox 572 684 709 737; x_wconf 84' lang='lat' dir='ltr'><strong>auctum</strong></span> <span class='ocrx_word' id='word_1_14' title='bbox 733 672 834 736; x_wconf 79' lang='lat' dir='ltr'><strong>edidit</strong></span> <span class='ocrx_word' id='word_1_15' title='bbox 861 670 902 736; x_wconf 89' lang='lat' dir='ltr'><strong>G.</strong></span> <span class='ocrx_word' id='word_1_16' title='bbox 924 671 979 737; x_wconf 90' lang='grc' dir='ltr'><em>Η</em></span> <span class='ocrx_word' id='word_1_17' title='bbox 1001 660 1183 764; x_wconf 71' lang='lat' dir='ltr'><strong>Soleaefer.</strong></span> 
     </span>
    </p>
   </div>
   <div class='ocr_carea' id='block_1_3' title="bbox 94 761 1181 961">
    <p class='ocr_par' dir='ltr' id='par_1_3' title="bbox 94 761 1181 961">
     <span class='ocr_line' id='line_1_4' title="bbox 94 761 714 842; baseline -0.002 0"><span class='ocrx_word' id='word_1_18' title='bbox 94 770 99 784; x_wconf 85' lang='lat'><em>&#39;</em></span> <span class='ocrx_word' id='word_1_19' title='bbox 134 775 246 842; x_wconf 90' lang='lat' dir='ltr'><strong>Lond.</strong></span> <span class='ocrx_word' id='word_1_20' title='bbox 280 761 436 842; x_wconf 81' lang='grc'><strong>1824-</strong></span> <span class='ocrx_word' id='word_1_21' title='bbox 444 775 504 840; x_wconf 89' lang='grc'><strong>27.</strong></span> <span class='ocrx_word' id='word_1_22' title='bbox 526 775 568 840; x_wconf 92' lang='lat' dir='ltr'><strong>T.</strong></span> <span class='ocrx_word' id='word_1_23' title='bbox 591 773 714 841; x_wconf 85' lang='lat' dir='ltr'><strong>l-V.</strong></span> 
     </span>
     <span class='ocr_line' id='line_1_5' title="bbox 199 867 1181 961; baseline 0.001 -16.009"><span class='ocrx_word' id='word_1_24' title='bbox 199 867 367 946; x_wconf 83' lang='lat' dir='ltr'><strong>Oratores</strong></span> <span class='ocrx_word' id='word_1_25' title='bbox 381 874 501 943; x_wconf 88' lang='lat' dir='ltr'><strong>Attici.</strong></span> <span class='ocrx_word' id='word_1_26' title='bbox 550 877 607 942; x_wconf 85' lang='lat' dir='ltr'><strong>Ex</strong></span> <span class='ocrx_word' id='word_1_27' title='bbox 629 900 693 942; x_wconf 84' lang='lat' dir='ltr'><strong>ree.</strong></span> <span class='ocrx_word' id='word_1_28' title='bbox 715 876 745 942; x_wconf 85' lang='lat' dir='ltr'><strong>J.</strong></span> <span class='ocrx_word' id='word_1_29' title='bbox 766 876 920 942; x_wconf 79' lang='lat' dir='ltr'><strong>Behkeri.</strong></span> <span class='ocrx_word' id='word_1_30' title='bbox 944 876 987 943; x_wconf 90' lang='grc' dir='ltr'><strong>Τ.</strong></span> <span class='ocrx_word' id='word_1_31' title='bbox 1007 877 1059 961; x_wconf 81' lang='lat' dir='ltr'><strong>IV</strong></span> <span class='ocrx_word' id='word_1_32' title='bbox 1073 891 1108 944; x_wconf 88' lang='lat' dir='ltr'><strong>et</strong></span> <span class='ocrx_word' id='word_1_33' title='bbox 1134 880 1181 951; x_wconf 91' lang='lat' dir='ltr'><strong>V.</strong></span> 
     </span>
    </p>
   </div>
   <div class='ocr_carea' id='block_1_4' title="bbox 32 973 1183 1069">
    <p class='ocr_par' dir='ltr' id='par_1_4' title="bbox 32 973 1183 1069">
     <span class='ocr_line' id='line_1_6' title="bbox 32 973 1183 1069; baseline -0.001 -20"><span class='ocrx_word' id='word_1_34' title='bbox 32 1060 38 1069; x_wconf 24' lang='grc' dir='ltr'><strong><em>ι</em></strong></span> <span class='ocrx_word' id='word_1_35' title='bbox 133 981 388 1048; x_wconf 84' lang='lat' dir='ltr'><strong>Demosthenes.</strong></span> <span class='ocrx_word' id='word_1_36' title='bbox 421 978 530 1045; x_wconf 87' lang='lat' dir='ltr'><strong>Berol.</strong></span> <span class='ocrx_word' id='word_1_37' title='bbox 553 973 661 1045; x_wconf 73' lang='lat'><strong>1824.</strong></span> <span class='ocrx_word' id='word_1_38' title='bbox 694 979 793 1044; x_wconf 87' lang='lat' dir='ltr'><strong>Hane</strong></span> <span class='ocrx_word' id='word_1_39' title='bbox 818 981 997 1046; x_wconf 85' lang='lat' dir='ltr'><strong>editionem</strong></span> <span class='ocrx_word' id='word_1_40' title='bbox 1027 982 1183 1068; x_wconf 89' lang='lat' dir='ltr'><strong>plerum-</strong></span> 
     </span>
    </p>
   </div>
   <div class='ocr_carea' id='block_1_5' title="bbox 135 1076 1182 1177">
    <p class='ocr_par' dir='ltr' id='par_1_5' title="bbox 135 1076 1182 1177">
     <span class='ocr_line' id='line_1_7' title="bbox 135 1076 1182 1177; baseline 0.001 -26"><span class='ocrx_word' id='word_1_41' title='bbox 135 1109 199 1177; x_wconf 73' lang='lat' dir='ltr'><strong>que</strong></span> <span class='ocrx_word' id='word_1_42' title='bbox 223 1078 392 1172; x_wconf 82' lang='lat' dir='ltr'><strong>sequitur:</strong></span> <span class='ocrx_word' id='word_1_43' title='bbox 422 1081 657 1148; x_wconf 80' lang='lat' dir='ltr'><strong>Demosthenis</strong></span> <span class='ocrx_word' id='word_1_44' title='bbox 673 1080 751 1150; x_wconf 86' lang='lat' dir='ltr'><strong>Orr.</strong></span> <span class='ocrx_word' id='word_1_45' title='bbox 770 1083 819 1148; x_wconf 91' lang='lat' dir='ltr'><strong>ed.</strong></span> <span class='ocrx_word' id='word_1_46' title='bbox 837 1076 932 1149; x_wconf 80' lang='lat' dir='ltr'><strong>Guz‘l.</strong></span> <span class='ocrx_word' id='word_1_47' title='bbox 953 1082 1182 1176; x_wconf 79' lang='lat' dir='ltr'><strong>Diodorfius.</strong></span> 
     </span>
    </p>
   </div>
   <div class='ocr_carea' id='block_1_6' title="bbox 133 1183 1201 1382">
    <p class='ocr_par' dir='ltr' id='par_1_6' title="bbox 133 1183 1201 1382">
     <span class='ocr_line' id='line_1_8' title="bbox 133 1183 1201 1278; baseline -0.008 -24"><span class='ocrx_word' id='word_1_48' title='bbox 133 1188 230 1278; x_wconf 88' lang='lat' dir='ltr'><strong>Lips.</strong></span> <span class='ocrx_word' id='word_1_49' title='bbox 248 1184 356 1253; x_wconf 88' lang='grc'><strong>1825.</strong></span> <span class='ocrx_word' id='word_1_50' title='bbox 381 1183 608 1253; x_wconf 80' lang='lat' dir='ltr'><strong>Voti-itt</strong></span> <span class='ocrx_word' id='word_1_51' title='bbox 725 1192 733 1207; x_wconf 68' lang='lat'>¹</span> <span class='ocrx_word' id='word_1_52' title='bbox 1196 1258 1201 1265; x_wconf 25' lang='lat'>⁸</span> 
     </span>
     <span class='ocr_line' id='line_1_9' title="bbox 140 1281 1181 1382; baseline 0 -26"><span class='ocrx_word' id='word_1_53' title='bbox 140 1296 145 1309; x_wconf 88' lang='lat'>&#39;</span> <span class='ocrx_word' id='word_1_54' title='bbox 210 1288 255 1356; x_wconf 90' lang='lat' dir='ltr'><strong>A.</strong></span> <span class='ocrx_word' id='word_1_55' title='bbox 273 1288 587 1374; x_wconf 76' lang='lat' dir='ltr'><strong>edAtluAugeri,</strong></span> <span class='ocrx_word' id='word_1_56' title='bbox 618 1287 721 1382; x_wconf 86' lang='lat' dir='ltr'><strong>Paris.</strong></span> <span class='ocrx_word' id='word_1_57' title='bbox 740 1287 848 1355; x_wconf 89' lang='grc'><strong>1790.</strong></span> <span class='ocrx_word' id='word_1_58' title='bbox 872 1281 907 1356; x_wconf 80' lang='grc'><strong>4.</strong></span> <span class='ocrx_word' id='word_1_59' title='bbox 940 1311 1042 1378; x_wconf 85' lang='lat' dir='ltr'><strong>quae,</strong></span> <span class='ocrx_word' id='word_1_60' title='bbox 1064 1291 1181 1379; x_wconf 86' lang='lat' dir='ltr'><strong>splen-</strong></span> 
     </span>
    </p>
   </div>
   <div class='ocr_carea' id='block_1_7' title="bbox 134 1390 1208 1486">
    <p class='ocr_par' dir='ltr' id='par_1_7' title="bbox 134 1390 1208 1486">
     <span class='ocr_line' id='line_1_10' title="bbox 134 1390 1208 1486; baseline -0.001 -28"><span class='ocrx_word' id='word_1_61' title='bbox 134 1392 301 1458; x_wconf 87' lang='lat' dir='ltr'><strong>didissime</strong></span> <span class='ocrx_word' id='word_1_62' title='bbox 325 1413 464 1472; x_wconf 85' lang='lat' dir='ltr'><strong>excusa,</strong></span> <span class='ocrx_word' id='word_1_63' title='bbox 491 1391 603 1456; x_wconf 89' lang='lat' dir='ltr'><strong>Tomo</strong></span> <span class='ocrx_word' id='word_1_64' title='bbox 623 1390 647 1455; x_wconf 91' lang='grc' dir='ltr'><strong>Ι.</strong></span> <span class='ocrx_word' id='word_1_65' title='bbox 667 1396 855 1477; x_wconf 88' lang='lat' dir='ltr'><strong>universas,</strong></span> <span class='ocrx_word' id='word_1_66' title='bbox 884 1415 967 1480; x_wconf 89' lang='lat' dir='ltr'><strong>quae</strong></span> <span class='ocrx_word' id='word_1_67' title='bbox 990 1392 1032 1457; x_wconf 91' lang='lat' dir='ltr'><strong>ad</strong></span> <span class='ocrx_word' id='word_1_68' title='bbox 1047 1394 1181 1483; x_wconf 84' lang='lat' dir='ltr'><strong>Philip·</strong></span> <span class='ocrx_word' id='word_1_69' title='bbox 1198 1480 1208 1486; x_wconf 79' lang='lat'><strong>..</strong></span> 
     </span>
    </p>
   </div>
   <div class='ocr_carea' id='block_1_8' title="bbox 17 1494 1179 1586">
    <p class='ocr_par' dir='ltr' id='par_1_8' title="bbox 17 1494 1179 1586">
     <span class='ocr_line' id='line_1_11' title="bbox 17 1494 1179 1586; baseline 0.003 -25"><span class='ocrx_word' id='word_1_70' title='bbox 17 1517 24 1525; x_wconf 91' lang='lat'><strong>·</strong></span> <span class='ocrx_word' id='word_1_71' title='bbox 133 1519 217 1586; x_wconf 90' lang='lat' dir='ltr'><strong>pum</strong></span> <span class='ocrx_word' id='word_1_72' title='bbox 235 1499 427 1583; x_wconf 72' lang='lat' dir='ltr'><strong>pertinent,</strong></span> <span class='ocrx_word' id='word_1_73' title='bbox 466 1499 641 1559; x_wconf 81' lang='lat' dir='ltr'><strong>conciones</strong></span> <span class='ocrx_word' id='word_1_74' title='bbox 671 1500 827 1562; x_wconf 90' lang='lat' dir='ltr'><strong>eontinet.</strong></span> <span class='ocrx_word' id='word_1_75' title='bbox 888 1494 1091 1563; x_wconf 89' lang='lat' dir='ltr'><strong>Pauoissima</strong></span> <span class='ocrx_word' id='word_1_76' title='bbox 1108 1497 1179 1570; x_wconf 85' lang='lat' dir='ltr'><strong>hic</strong></span> 
     </span>
    </p>
   </div>
   <div class='ocr_carea' id='block_1_9' title="bbox 132 1597 1178 1891">
    <p class='ocr_par' dir='ltr' id='par_1_9' title="bbox 132 1597 1175 1891">
     <span class='ocr_line' id='line_1_12' title="bbox 133 1597 1093 1687; baseline -0.002 -19"><span class='ocrx_word' id='word_1_77' title='bbox 133 1603 242 1668; x_wconf 87' lang='lat' dir='ltr'><strong>editor</strong></span> <span class='ocrx_word' id='word_1_78' title='bbox 258 1597 432 1685; x_wconf 80' lang='lat' dir='ltr'><strong>explicuit,</strong></span> <span class='ocrx_word' id='word_1_79' title='bbox 447 1620 556 1686; x_wconf 90' lang='lat' dir='ltr'><strong>neque</strong></span> <span class='ocrx_word' id='word_1_80' title='bbox 573 1601 686 1662; x_wconf 83' lang='lat' dir='ltr'><strong>critico</strong></span> <span class='ocrx_word' id='word_1_81' title='bbox 703 1603 772 1661; x_wconf 88' lang='lat' dir='ltr'><strong>eius</strong></span> <span class='ocrx_word' id='word_1_82' title='bbox 789 1601 874 1663; x_wconf 92' lang='lat' dir='ltr'><strong>ratio</strong></span> <span class='ocrx_word' id='word_1_83' title='bbox 888 1598 1093 1687; x_wconf 79' lang='lat' dir='ltr'><strong>probabitur.</strong></span> 
     </span>
     <span class='ocr_line' id='line_1_13' title="bbox 208 1699 1175 1787; baseline 0.004 -21"><span class='ocrx_word' id='word_1_84' title='bbox 208 1703 247 1766; x_wconf 92' lang='lat' dir='ltr'><strong>B.</strong></span> <span class='ocrx_word' id='word_1_85' title='bbox 282 1701 518 1765; x_wconf 84' lang='lat' dir='ltr'><strong>Demosthenis</strong></span> <span class='ocrx_word' id='word_1_86' title='bbox 552 1700 766 1787; x_wconf 88' lang='lat' dir='ltr'><strong>Philippicae.</strong></span> <span class='ocrx_word' id='word_1_87' title='bbox 820 1699 879 1767; x_wconf 84' lang='lat' dir='ltr'><strong>Ad</strong></span> <span class='ocrx_word' id='word_1_88' title='bbox 909 1700 1022 1766; x_wconf 70' lang='lat' dir='ltr'><strong>codd:</strong></span> <span class='ocrx_word' id='word_1_89' title='bbox 1044 1726 1124 1768; x_wconf 90' lang='lat' dir='ltr'><strong>oum</strong></span> <span class='ocrx_word' id='word_1_90' title='bbox 1153 1727 1175 1770; x_wconf 83' lang='lat' dir='ltr'><strong>a</strong></span> 
     </span>
     <span class='ocr_line' id='line_1_14' title="bbox 132 1801 1178 1891; baseline -0.004 -17"><span class='ocrx_word' id='word_1_91' title='bbox 132 1805 271 1874; x_wconf 88' lang='lat' dir='ltr'><strong>Reishio</strong></span> <span class='ocrx_word' id='word_1_92' title='bbox 295 1813 328 1869; x_wconf 91' lang='lat' dir='ltr'><strong>et</strong></span> <span class='ocrx_word' id='word_1_93' title='bbox 346 1801 498 1891; x_wconf 86' lang='lat' dir='ltr'><strong>Augerio</strong></span> <span class='ocrx_word' id='word_1_94' title='bbox 520 1815 593 1868; x_wconf 91' lang='lat' dir='ltr'><strong>tum</strong></span> <span class='ocrx_word' id='word_1_95' title='bbox 615 1827 634 1868; x_wconf 90' lang='lat' dir='ltr'><strong>a</strong></span> <span class='ocrx_word' id='word_1_96' title='bbox 656 1826 689 1867; x_wconf 89' lang='lat' dir='ltr'><strong>se</strong></span> <span class='ocrx_word' id='word_1_97' title='bbox 713 1805 848 1869; x_wconf 87' lang='lat' dir='ltr'><strong>collatos</strong></span> <span class='ocrx_word' id='word_1_98' title='bbox 870 1825 1003 1890; x_wconf 82' lang='lat' dir='ltr'><strong>recogn</strong></span> <span class='ocrx_word' id='word_1_99' title='bbox 1022 1805 1178 1875; x_wconf 85' lang='lat' dir='ltr'><strong>Imman.</strong></span> 
     </span>
    </p>
   </div>
   <div class='ocr_carea' id='block_1_10' title="bbox 71 1905 1177 2019">
    <p class='ocr_par' dir='ltr' id='par_1_10' title="bbox 71 1905 1177 2019">
     <span class='ocr_line' id='line_1_15' title="bbox 71 1905 1177 2019; baseline -0.002 -43"><span class='ocrx_word' id='word_1_100' title='bbox 71 1919 73 1923; x_wconf 84' lang='lat'>&#39;</span> <span class='ocrx_word' id='word_1_101' title='bbox 132 1909 318 1977; x_wconf 66' lang='lat' dir='ltr'><strong>Beterras.</strong></span> <span class='ocrx_word' id='word_1_102' title='bbox 372 1905 537 1992; x_wconf 85' lang='lat' dir='ltr'><strong>Apposita</strong></span> <span class='ocrx_word' id='word_1_103' title='bbox 560 1917 609 1980; x_wconf 81' lang='lat' dir='ltr'><strong>est</strong></span> <span class='ocrx_word' id='word_1_104' title='bbox 626 1907 723 2011; x_wconf 84' lang='lat' dir='ltr'><strong>lectio</strong></span> <span class='ocrx_word' id='word_1_105' title='bbox 739 1907 851 1976; x_wconf 86' lang='lat' dir='ltr'><strong>Reisk.</strong></span> <span class='ocrx_word' id='word_1_106' title='bbox 875 1906 985 2019; x_wconf 83' lang='lat' dir='ltr'><strong>Berol.</strong></span> <span class='ocrx_word' id='word_1_107' title='bbox 1004 1905 1114 1976; x_wconf 84' lang='grc'><strong>1816.</strong></span> <span class='ocrx_word' id='word_1_108' title='bbox 1141 1906 1177 1974; x_wconf 89' lang='grc'><strong>8.</strong></span> 
     </span>
    </p>
   </div>
   <div class='ocr_carea' id='block_1_11' title="bbox 1 2007 487 2080">
    <p class='ocr_par' dir='ltr' id='par_1_11' title="bbox 1 2007 487 2080">
     <span class='ocr_line' id='line_1_16' title="bbox 1 2007 487 2080; baseline -0.017 -1"><span class='ocrx_word' id='word_1_109' title='bbox 1 2008 3 2012; x_wconf 53' lang='grc'>’</span> <span class='ocrx_word' id='word_1_110' title='bbox 132 2013 258 2080; x_wconf 83' lang='lat' dir='ltr'><strong>Iterum</strong></span> <span class='ocrx_word' id='word_1_111' title='bbox 275 2007 359 2073; x_wconf 89' lang='lat' dir='ltr'><strong>edid.</strong></span> <span class='ocrx_word' id='word_1_112' title='bbox 381 2008 487 2072; x_wconf 85' lang='grc'><strong>1825.</strong></span> 
     </span>
    </p>
   </div>
   <div class='ocr_carea' id='block_1_12' title="bbox 133 2107 1212 2500">
    <p class='ocr_par' dir='ltr' id='par_1_12' title="bbox 133 2107 1212 2500">
     <span class='ocr_line' id='line_1_17' title="bbox 204 2107 1177 2179; baseline 0 -1"><span class='ocrx_word' id='word_1_113' title='bbox 204 2114 314 2178; x_wconf 74' lang='lat' dir='ltr'><strong>Bncx.</strong></span> <span class='ocrx_word' id='word_1_114' title='bbox 339 2111 467 2175; x_wconf 91' lang='lat' dir='ltr'><strong>Demos</strong></span> <span class='ocrx_word' id='word_1_115' title='bbox 469 2109 576 2174; x_wconf 90' lang='lat' dir='ltr'><strong>thenis</strong></span> <span class='ocrx_word' id='word_1_116' title='bbox 592 2108 708 2175; x_wconf 86' lang='lat' dir='ltr'><strong>Oratio</strong></span> <span class='ocrx_word' id='word_1_117' title='bbox 726 2108 766 2173; x_wconf 92' lang='lat' dir='ltr'><strong>de</strong></span> <span class='ocrx_word' id='word_1_118' title='bbox 782 2107 878 2175; x_wconf 86' lang='lat' dir='ltr'><strong>Pace.</strong></span> <span class='ocrx_word' id='word_1_119' title='bbox 906 2108 1084 2178; x_wconf 89' lang='lat' dir='ltr'><strong>Accedunt</strong></span> <span class='ocrx_word' id='word_1_120' title='bbox 1096 2113 1177 2179; x_wconf 89' lang='grc' dir='ltr'><strong>Νο-</strong></span> 
     </span>
     <span class='ocr_line' id='line_1_18' title="bbox 134 2211 1177 2296; baseline -0.001 -14"><span class='ocrx_word' id='word_1_121' title='bbox 134 2229 206 2296; x_wconf 79' lang='lat' dir='ltr'><strong>tae,</strong></span> <span class='ocrx_word' id='word_1_122' title='bbox 228 2213 358 2279; x_wconf 87' lang='lat' dir='ltr'><strong>Scholia</strong></span> <span class='ocrx_word' id='word_1_123' title='bbox 375 2225 408 2276; x_wconf 91' lang='lat' dir='ltr'><strong>et</strong></span> <span class='ocrx_word' id='word_1_124' title='bbox 421 2212 578 2277; x_wconf 85' lang='lat' dir='ltr'><strong>Andreae</strong></span> <span class='ocrx_word' id='word_1_125' title='bbox 593 2211 748 2276; x_wconf 86' lang='lat' dir='ltr'><strong>Dounuei</strong></span> <span class='ocrx_word' id='word_1_126' title='bbox 761 2213 920 2280; x_wconf 88' lang='lat' dir='ltr'><strong>Prt&#39;aeleo</strong></span> <span class='ocrx_word' id='word_1_127' title='bbox 898 2227 1013 2281; x_wconf 79' lang='lat' dir='ltr'><strong>t.rones</strong></span> <span class='ocrx_word' id='word_1_128' title='bbox 1042 2216 1177 2282; x_wconf 88' lang='lat' dir='ltr'><strong>Cura</strong></span> 
     </span>
     <span class='ocr_line' id='line_1_19' title="bbox 133 2312 1212 2406; baseline 0 -19"><span class='ocrx_word' id='word_1_129' title='bbox 133 2325 182 2387; x_wconf 78' lang='lat' dir='ltr'><strong>vit</strong></span> <span class='ocrx_word' id='word_1_130' title='bbox 201 2315 326 2382; x_wconf 80' lang='lat' dir='ltr'><strong>Christ.</strong></span> <span class='ocrx_word' id='word_1_131' title='bbox 342 2314 438 2382; x_wconf 82' lang='lat' dir='ltr'><strong>Dan.</strong></span> <span class='ocrx_word' id='word_1_132' title='bbox 454 2312 609 2380; x_wconf 78' lang='lat' dir='ltr'><strong>Beokius.</strong></span> <span class='ocrx_word' id='word_1_133' title='bbox 637 2314 732 2403; x_wconf 88' lang='lat' dir='ltr'><strong>Lips.</strong></span> <span class='ocrx_word' id='word_1_134' title='bbox 752 2316 860 2406; x_wconf 70' lang='grc'><strong>1799.</strong></span> <span class='ocrx_word' id='word_1_135' title='bbox 889 2319 933 2385; x_wconf 81' lang='grc'><strong>8.,</strong></span> <span class='ocrx_word' id='word_1_136' title='bbox 949 2356 1000 2369; x_wconf 89' lang='lat'>-</span> <span class='ocrx_word' id='word_1_137' title='bbox 1020 2317 1176 2387; x_wconf 84' lang='lat' dir='ltr'><strong>Eandem</strong></span> <span class='ocrx_word' id='word_1_138' title='bbox 1209 2371 1212 2375; x_wconf 79' lang='lat'>-</span> 
     </span>
     <span class='ocr_line' id='line_1_20' title="bbox 135 2416 1176 2500; baseline 0.001 -14"><span class='ocrx_word' id='word_1_139' title='bbox 135 2425 320 2486; x_wconf 86' lang='lat' dir='ltr'><strong>orationem</strong></span> <span class='ocrx_word' id='word_1_140' title='bbox 335 2416 395 2486; x_wconf 82' lang='lat' dir='ltr'><strong>Fr.</strong></span> <span class='ocrx_word' id='word_1_141' title='bbox 412 2417 535 2483; x_wconf 80' lang='lat' dir='ltr'><strong>Jacobs</strong></span> <span class='ocrx_word' id='word_1_142' title='bbox 549 2424 584 2482; x_wconf 94' lang='lat' dir='ltr'><strong>in</strong></span> <span class='ocrx_word' id='word_1_143' title='bbox 600 2418 873 2500; x_wconf 86' lang='lat' dir='ltr'><strong>Chrestomathia,</strong></span> <span class='ocrx_word' id='word_1_144' title='bbox 897 2426 950 2486; x_wconf 92' lang='lat' dir='ltr'><strong>cui</strong></span> <span class='ocrx_word' id='word_1_145' title='bbox 971 2433 1020 2487; x_wconf 84' lang='lat' dir='ltr'><strong>est</strong></span> <span class='ocrx_word' id='word_1_146' title='bbox 1040 2423 1176 2495; x_wconf 80' lang='lat' dir='ltr'><strong>titulus:</strong></span> 
     </span>
    </p>
   </div>
   <div class='ocr_carea' id='block_1_13' title="bbox 19 2521 1176 2731">
    <p class='ocr_par' dir='ltr' id='par_1_13' title="bbox 19 2521 1176 2715">
     <span class='ocr_line' id='line_1_21' title="bbox 133 2521 1176 2611; baseline 0.002 -22"><span class='ocrx_word' id='word_1_147' title='bbox 133 2522 246 2590; x_wconf 89' lang='lat' dir='ltr'><strong>Attica</strong></span> <span class='ocrx_word' id='word_1_148' title='bbox 266 2543 298 2608; x_wconf 94' lang='lat' dir='ltr'><strong>p.</strong></span> <span class='ocrx_word' id='word_1_149' title='bbox 318 2521 532 2588; x_wconf 82' lang='grc'><strong>293-308</strong></span> <span class='ocrx_word' id='word_1_150' title='bbox 556 2523 731 2608; x_wconf 83' lang='lat' dir='ltr'><strong>explicuit3</strong></span> <span class='ocrx_word' id='word_1_151' title='bbox 774 2528 874 2590; x_wconf 86' lang='lat' dir='ltr'><strong>etiam</strong></span> <span class='ocrx_word' id='word_1_152' title='bbox 895 2536 1026 2611; x_wconf 85' lang='lat' dir='ltr'><strong>purtem</strong></span> <span class='ocrx_word' id='word_1_153' title='bbox 1048 2531 1176 2592; x_wconf 86' lang='lat' dir='ltr'><strong>oratio-</strong></span> 
     </span>
     <span class='ocr_line' id='line_1_22' title="bbox 19 2618 1125 2731; baseline 0.002 -39"><span class='ocrx_word' id='word_1_154' title='bbox 19 2618 22 2623; x_wconf 34' lang='lat'>*</span> <span class='ocrx_word' id='word_1_155' title='bbox 133 2632 185 2692; x_wconf 88' lang='lat' dir='ltr'><strong>uis</strong></span> <span class='ocrx_word' id='word_1_156' title='bbox 200 2620 379 2715; x_wconf 76' lang='lat' dir='ltr'><strong>olynthi.</strong></span> <span class='ocrx_word' id='word_1_157' title='bbox 401 2625 510 2712; x_wconf 82' lang='lat' dir='ltr'><strong>(vulg.</strong></span> <span class='ocrx_word' id='word_1_158' title='bbox 524 2623 602 2715; x_wconf 85' lang='lat' dir='ltr'><strong>IH.)</strong></span> <span class='ocrx_word' id='word_1_159' title='bbox 625 2625 702 2731; x_wconf 90' lang='lat' dir='ltr'><strong>ibid</strong></span> <span class='ocrx_word' id='word_1_160' title='bbox 718 2648 757 2715; x_wconf 91' lang='lat' dir='ltr'><strong>p.</strong></span> <span class='ocrx_word' id='word_1_161' title='bbox 767 2626 993 2694; x_wconf 80' lang='grc'><strong>315-322.</strong></span> <span class='ocrx_word' id='word_1_162' title='bbox 1122 2649 1125 2652; x_wconf 89' lang='grc'><em>·</em></span> 
     </span>
    </p>
   </div>
   <div class='ocr_carea' id='block_1_14' title="bbox 12 2744 751 2834">
    <p class='ocr_par' dir='ltr' id='par_1_14' title="bbox 12 2744 751 2834">
     <span class='ocr_line' id='line_1_23' title="bbox 12 2744 751 2834; baseline 0 -24"><span class='ocrx_word' id='word_1_163' title='bbox 12 2750 16 2755; x_wconf 73' lang='grc'>’</span> <span class='ocrx_word' id='word_1_164' title='bbox 159 2800 166 2805; x_wconf 88' lang='grc'><strong>.</strong></span> <span class='ocrx_word' id='word_1_165' title='bbox 235 2727 683 2834; x_wconf 85' lang='lat' dir='ltr'><strong>Accesseruntnuperrime.</strong></span> <span class='ocrx_word' id='word_1_166' title='bbox 748 2818 751 2822; x_wconf 52' lang='grc'><strong>,</strong></span> 
     </span>
    </p>
   </div>
   <div class='ocr_carea' id='block_1_15' title="bbox 54 2847 1177 3452">
    <p class='ocr_par' dir='ltr' id='par_1_15' title="bbox 54 2847 1177 3452">
     <span class='ocr_line' id='line_1_24' title="bbox 199 2847 1176 2916; baseline 0 -2"><span class='ocrx_word' id='word_1_167' title='bbox 199 2848 447 2915; x_wconf 82' lang='lat' dir='ltr'><strong>Demosthenis</strong></span> <span class='ocrx_word' id='word_1_168' title='bbox 451 2849 535 2915; x_wconf 84' lang='lat' dir='ltr'><strong>Orat</strong></span> <span class='ocrx_word' id='word_1_169' title='bbox 523 2862 557 2914; x_wconf 90' lang='lat' dir='ltr'><strong>tt.</strong></span> <span class='ocrx_word' id='word_1_170' title='bbox 574 2851 709 2914; x_wconf 81' lang='lat' dir='ltr'><strong>selectae</strong></span> <span class='ocrx_word' id='word_1_171' title='bbox 724 2854 920 2916; x_wconf 81' lang='lat' dir='ltr'><strong>comment&#39;</strong></span> <span class='ocrx_word' id='word_1_172' title='bbox 910 2871 946 2913; x_wconf 87' lang='lat' dir='ltr'><strong>m</strong></span> <span class='ocrx_word' id='word_1_173' title='bbox 960 2871 1058 2913; x_wconf 89' lang='lat' dir='ltr'><strong>usum</strong></span> <span class='ocrx_word' id='word_1_174' title='bbox 1070 2847 1176 2915; x_wconf 88' lang='lat' dir='ltr'><strong>schol.</strong></span> 
     </span>
     <span class='ocr_line' id='line_1_25' title="bbox 134 2951 1174 3022; baseline -0.001 -4"><span class='ocrx_word' id='word_1_175' title='bbox 134 2959 312 3019; x_wconf 85' lang='lat' dir='ltr'><strong>instructae</strong></span> <span class='ocrx_word' id='word_1_176' title='bbox 331 2954 371 3019; x_wconf 91' lang='lat' dir='ltr'><strong>ab</strong></span> <span class='ocrx_word' id='word_1_177' title='bbox 402 2955 431 3022; x_wconf 89' lang='grc' dir='ltr'><strong>Ι.</strong></span> <span class='ocrx_word' id='word_1_178' title='bbox 449 2953 502 3017; x_wconf 89' lang='grc' dir='ltr'><strong>Η.</strong></span> <span class='ocrx_word' id='word_1_179' title='bbox 520 2953 778 3019; x_wconf 78' lang='lat' dir='ltr'><strong>BremiSect.l.</strong></span> <span class='ocrx_word' id='word_1_180' title='bbox 810 2952 912 3018; x_wconf 90' lang='lat' dir='ltr'><strong>Goth.</strong></span> <span class='ocrx_word' id='word_1_181' title='bbox 932 2951 1039 3018; x_wconf 86' lang='grc'><strong>1829.</strong></span> <span class='ocrx_word' id='word_1_182' title='bbox 1080 2951 1174 3017; x_wconf 85' lang='lat' dir='ltr'><strong>Con-</strong></span> 
     </span>
     <span class='ocr_line' id='line_1_26' title="bbox 133 3052 1176 3155; baseline -0.002 -32"><span class='ocrx_word' id='word_1_183' title='bbox 133 3062 216 3123; x_wconf 87' lang='lat' dir='ltr'><strong>tinet</strong></span> <span class='ocrx_word' id='word_1_184' title='bbox 232 3058 314 3155; x_wconf 84' lang='lat' dir='ltr'><strong>haec</strong></span> <span class='ocrx_word' id='word_1_185' title='bbox 328 3058 378 3122; x_wconf 91' lang='lat' dir='ltr'><strong>ed.</strong></span> <span class='ocrx_word' id='word_1_186' title='bbox 394 3062 516 3121; x_wconf 73' lang='lat' dir='ltr'><strong>matt*</strong></span> <span class='ocrx_word' id='word_1_187' title='bbox 505 3080 541 3120; x_wconf 77' lang='lat' dir='ltr'><strong>in</strong></span> <span class='ocrx_word' id='word_1_188' title='bbox 557 3055 785 3144; x_wconf 84' lang='lat' dir='ltr'><strong>Aphobum,</strong></span> <span class='ocrx_word' id='word_1_189' title='bbox 775 3080 811 3120; x_wconf 91' lang='lat' dir='ltr'><strong>1n</strong></span> <span class='ocrx_word' id='word_1_190' title='bbox 827 3056 1024 3132; x_wconf 82' lang='lat' dir='ltr'><strong>Onetorem,</strong></span> <span class='ocrx_word' id='word_1_191' title='bbox 1044 3052 1131 3123; x_wconf 86' lang='lat' dir='ltr'><strong>Phil.</strong></span> <span class='ocrx_word' id='word_1_192' title='bbox 1148 3056 1176 3121; x_wconf 86' lang='lat' dir='ltr'><strong>I.</strong></span> 
     </span>
     <span class='ocr_line' id='line_1_27' title="bbox 54 3156 1177 3249; baseline 0.004 -29"><span class='ocrx_word' id='word_1_193' title='bbox 54 3211 61 3220; x_wconf 86' lang='lat'><strong>.</strong></span> <span class='ocrx_word' id='word_1_194' title='bbox 136 3159 416 3248; x_wconf 62' lang='lat' dir='ltr'><strong>Olynthi-111.</strong></span> <span class='ocrx_word' id='word_1_195' title='bbox 438 3167 496 3241; x_wconf 85' lang='lat' dir='ltr'><strong>(ex</strong></span> <span class='ocrx_word' id='word_1_196' title='bbox 512 3159 628 3224; x_wconf 84' lang='lat' dir='ltr'><strong>ordine</strong></span> <span class='ocrx_word' id='word_1_197' title='bbox 643 3159 759 3245; x_wconf 87' lang='lat' dir='ltr'><strong>Dion.)</strong></span> <span class='ocrx_word' id='word_1_198' title='bbox 780 3158 864 3224; x_wconf 87' lang='lat' dir='ltr'><strong>Phil.</strong></span> <span class='ocrx_word' id='word_1_199' title='bbox 884 3158 923 3222; x_wconf 88' lang='lat' dir='ltr'><strong>H.</strong></span> <span class='ocrx_word' id='word_1_200' title='bbox 946 3158 977 3222; x_wconf 93' lang='lat' dir='ltr'><strong>d.</strong></span> <span class='ocrx_word' id='word_1_201' title='bbox 1001 3156 1177 3249; x_wconf 37' lang='lat' dir='ltr'><strong>Chers3et</strong></span> 
     </span>
     <span class='ocr_line' id='line_1_28' title="bbox 93 3261 1177 3452; baseline -0.002 -22"><span class='ocrx_word' id='word_1_202' title='bbox 93 3319 95 3322; x_wconf 53' lang='lat'>&gt;</span> <span class='ocrx_word' id='word_1_203' title='bbox 134 3261 386 3430; x_wconf 61' lang='lat' dir='ltr'><strong>Phsslldlhosth.</strong></span> <span class='ocrx_word' id='word_1_204' title='bbox 400 3341 605 3452; x_wconf 84' lang='lat' dir='ltr'><strong>Philippicae</strong></span> <span class='ocrx_word' id='word_1_205' title='bbox 621 3377 716 3431; x_wconf 92' lang='lat' dir='ltr'><strong>oratt.</strong></span> <span class='ocrx_word' id='word_1_206' title='bbox 730 3363 766 3431; x_wconf 89' lang='lat' dir='ltr'><strong>V</strong></span> <span class='ocrx_word' id='word_1_207' title='bbox 782 3388 824 3429; x_wconf 85' lang='lat' dir='ltr'><strong>ex</strong></span> <span class='ocrx_word' id='word_1_208' title='bbox 842 3362 1019 3429; x_wconf 81' lang='lat' dir='ltr'><strong>rer.Bekk.</strong></span> <span class='ocrx_word' id='word_1_209' title='bbox 1029 3361 1079 3426; x_wconf 89' lang='lat' dir='ltr'><strong>ed.</strong></span> <span class='ocrx_word' id='word_1_210' title='bbox 1087 3361 1177 3428; x_wconf 87' lang='lat' dir='ltr'><strong>Pro-</strong></span> 
     </span>
    </p>
   </div>
   <div class='ocr_carea' id='block_1_16' title="bbox 32 3457 1173 3554">
    <p class='ocr_par' dir='ltr' id='par_1_16' title="bbox 32 3457 1173 3554">
     <span class='ocr_line' id='line_1_29' title="bbox 32 3457 1173 3554; baseline -0.001 -22"><span class='ocrx_word' id='word_1_211' title='bbox 32 3516 43 3532; x_wconf 75' lang='grc'><strong>.</strong></span> <span class='ocrx_word' id='word_1_212' title='bbox 135 3465 198 3554; x_wconf 88' lang='lat' dir='ltr'><strong>leg.</strong></span> <span class='ocrx_word' id='word_1_213' title='bbox 225 3457 260 3532; x_wconf 84' lang='lat' dir='ltr'><strong>et</strong></span> <span class='ocrx_word' id='word_1_214' title='bbox 282 3473 493 3534; x_wconf 87' lang='lat' dir='ltr'><strong>annotatione</strong></span> <span class='ocrx_word' id='word_1_215' title='bbox 521 3479 648 3554; x_wconf 87' lang='lat' dir='ltr'><strong>perpet.</strong></span> <span class='ocrx_word' id='word_1_216' title='bbox 670 3469 851 3534; x_wconf 76' lang='lat' dir='ltr'><strong>illustrarit·</strong></span> <span class='ocrx_word' id='word_1_217' title='bbox 872 3466 904 3532; x_wconf 94' lang='lat' dir='ltr'><strong>I.</strong></span> <span class='ocrx_word' id='word_1_218' title='bbox 932 3466 994 3532; x_wconf 80' lang='lat' dir='ltr'><strong>Tb.</strong></span> <span class='ocrx_word' id='word_1_219' title='bbox 1018 3465 1059 3532; x_wconf 89' lang='lat' dir='ltr'><em>V</em></span> <span class='ocrx_word' id='word_1_220' title='bbox 1055 3467 1173 3531; x_wconf 84' lang='lat' dir='ltr'><strong>oemel.</strong></span> 
     </span>
    </p>
   </div>
   <div class='ocr_carea' id='block_1_17' title="bbox 135 3567 1176 3774">
    <p class='ocr_par' dir='ltr' id='par_1_17' title="bbox 135 3567 1176 3774">
     <span class='ocr_line' id='line_1_30' title="bbox 135 3567 1176 3661; baseline 0 -26"><span class='ocrx_word' id='word_1_221' title='bbox 135 3567 264 3638; x_wconf 82' lang='lat' dir='ltr'><strong>Franrf.</strong></span> <span class='ocrx_word' id='word_1_222' title='bbox 304 3570 414 3636; x_wconf 85' lang='grc'><strong>1829.</strong></span> <span class='ocrx_word' id='word_1_223' title='bbox 482 3570 639 3636; x_wconf 86' lang='lat' dir='ltr'><strong>Continet</strong></span> <span class='ocrx_word' id='word_1_224' title='bbox 669 3570 810 3661; x_wconf 87' lang='lat' dir='ltr'><strong>Olynth.</strong></span> <span class='ocrx_word' id='word_1_225' title='bbox 841 3569 974 3639; x_wconf 84' lang='grc' dir='ltr'><strong>Ι-ΠΙ,</strong></span> <span class='ocrx_word' id='word_1_226' title='bbox 1005 3571 1074 3651; x_wconf 78' lang='lat' dir='ltr'><strong>(ex</strong></span> <span class='ocrx_word' id='word_1_227' title='bbox 1100 3569 1176 3635; x_wconf 90' lang='lat' dir='ltr'><strong>ord.</strong></span> 
     </span>
     <span class='ocr_line' id='line_1_31' title="bbox 136 3672 632 3774; baseline -0.006 -32"><span class='ocrx_word' id='word_1_228' title='bbox 136 3672 247 3761; x_wconf 75' lang='lat' dir='ltr'><strong>vulg.)</strong></span> <span class='ocrx_word' id='word_1_229' title='bbox 267 3672 351 3737; x_wconf 86' lang='lat' dir='ltr'><strong>Phil.</strong></span> <span class='ocrx_word' id='word_1_230' title='bbox 366 3673 390 3738; x_wconf 93' lang='lat' dir='ltr'><strong>I.</strong></span> <span class='ocrx_word' id='word_1_231' title='bbox 403 3686 440 3774; x_wconf 70' lang='lat' dir='ltr'><strong>pt</strong></span> <span class='ocrx_word' id='word_1_232' title='bbox 456 3673 496 3739; x_wconf 89' lang='lat' dir='ltr'><strong>de</strong></span> <span class='ocrx_word' id='word_1_233' title='bbox 519 3673 632 3741; x_wconf 78' lang='lat' dir='ltr'><strong>Pace.</strong></span> 
     </span>
    </p>
   </div>
   <div class='ocr_carea' id='block_1_18' title="bbox 232 3792 349 3863">
    <p class='ocr_par' dir='ltr' id='par_1_18' title="bbox 232 3792 349 3863">
     <span class='ocr_line' id='line_1_32' title="bbox 232 3792 349 3863; baseline -0.017 -3"><span class='ocrx_word' id='word_1_234' title='bbox 232 3792 349 3863; x_wconf 79' lang='lat' dir='ltr'><strong>Adde:</strong></span> 
     </span>
    </p>
   </div>
   <div class='ocr_carea' id='block_1_19' title="bbox 129 3909 1176 4102">
    <p class='ocr_par' dir='ltr' id='par_1_19' title="bbox 129 3909 1176 4102">
     <span class='ocr_line' id='line_1_33' title="bbox 129 3909 1176 4005; baseline -0.007 -24"><span class='ocrx_word' id='word_1_235' title='bbox 129 4000 132 4005; x_wconf 10' lang='lat' dir='ltr'>y</span> <span class='ocrx_word' id='word_1_236' title='bbox 208 3911 454 3980; x_wconf 85' lang='lat' dir='ltr'><strong>Demosthenes</strong></span> <span class='ocrx_word' id='word_1_237' title='bbox 474 3910 694 3980; x_wconf 83' lang='lat' dir='ltr'><strong>Staatsreden.</strong></span> <span class='ocrx_word' id='word_1_238' title='bbox 754 3909 950 3977; x_wconf 79' lang='lat' dir='ltr'><strong>Uetersetn</strong></span> <span class='ocrx_word' id='word_1_239' title='bbox 974 3933 1007 3978; x_wconf 86' lang='lat' dir='ltr'><strong>u.</strong></span> <span class='ocrx_word' id='word_1_240' title='bbox 1034 3915 1176 3975; x_wconf 80' lang='lat' dir='ltr'><strong>miter-</strong></span> 
     </span>
     <span class='ocr_line' id='line_1_34' title="bbox 133 4005 1175 4102; baseline -0.006 -19"><span class='ocrx_word' id='word_1_241' title='bbox 133 4006 331 4084; x_wconf 78' lang='lat' dir='ltr'><strong>liiuteruden</strong></span> <span class='ocrx_word' id='word_1_242' title='bbox 360 4013 629 4102; x_wconf 85' lang='lat' dir='ltr'><strong>Anmerkungen</strong></span> <span class='ocrx_word' id='word_1_243' title='bbox 657 4014 820 4082; x_wconf 87' lang='lat' dir='ltr'><strong>versehen</strong></span> <span class='ocrx_word' id='word_1_244' title='bbox 851 4036 919 4083; x_wconf 83' lang='lat' dir='ltr'><strong>von</strong></span> <span class='ocrx_word' id='word_1_245' title='bbox 950 4011 1012 4080; x_wconf 78' lang='lat' dir='ltr'><strong>Fr</strong></span> <span class='ocrx_word' id='word_1_246' title='bbox 1040 4005 1175 4078; x_wconf 65' lang='lat' dir='ltr'><strong>Iaoobs</strong></span> 
     </span>
    </p>
   </div>
   <div class='ocr_carea' id='block_1_20' title="bbox 134 4119 1204 4309">
    <p class='ocr_par' dir='ltr' id='par_1_20' title="bbox 134 4119 1204 4309">
     <span class='ocr_line' id='line_1_35' title="bbox 134 4119 1204 4309; baseline -0.006 -19"><span class='ocrx_word' id='word_1_247' title='bbox 134 4119 534 4290; x_wconf 52' lang='lat' dir='ltr'><strong>LeilDzesllglldPnosthenes</strong></span> <span class='ocrx_word' id='word_1_248' title='bbox 549 4217 771 4309; x_wconf 86' lang='lat' dir='ltr'><strong>Philippisehe</strong></span> <span class='ocrx_word' id='word_1_249' title='bbox 785 4216 913 4286; x_wconf 90' lang='lat' dir='ltr'><strong>Reden.</strong></span> <span class='ocrx_word' id='word_1_250' title='bbox 964 4217 1175 4301; x_wconf 81' lang='lat' dir='ltr'><strong>Uebersetzt,</strong></span> <span class='ocrx_word' id='word_1_251' title='bbox 1201 4217 1204 4224; x_wconf 79' lang='grc'><strong>’</strong></span> 
     </span>
    </p>
   </div>
   <div class='ocr_carea' id='block_1_21' title="bbox 136 4320 1178 4414">
    <p class='ocr_par' dir='ltr' id='par_1_21' title="bbox 136 4320 1178 4414">
     <span class='ocr_line' id='line_1_36' title="bbox 136 4320 1178 4414; baseline -0.006 -18"><span class='ocrx_word' id='word_1_252' title='bbox 136 4329 293 4396; x_wconf 71' lang='lat' dir='ltr'><strong>erlautert</strong></span> <span class='ocrx_word' id='word_1_253' title='bbox 314 4325 387 4394; x_wconf 93' lang='lat' dir='ltr'><strong>und</strong></span> <span class='ocrx_word' id='word_1_254' title='bbox 409 4329 472 4393; x_wconf 88' lang='lat' dir='ltr'><strong>mit</strong></span> <span class='ocrx_word' id='word_1_255' title='bbox 495 4328 627 4414; x_wconf 82' lang='lat' dir='ltr'><strong>einigen</strong></span> <span class='ocrx_word' id='word_1_256' title='bbox 645 4321 917 4412; x_wconf 81' lang='lat' dir='ltr'><strong>Abhandluugen</strong></span> <span class='ocrx_word' id='word_1_257' title='bbox 940 4320 1094 4412; x_wconf 81' lang='lat' dir='ltr'><strong>begleitet</strong></span> <span class='ocrx_word' id='word_1_258' title='bbox 1108 4340 1178 4391; x_wconf 81' lang='lat' dir='ltr'><strong>von</strong></span> 
     </span>
    </p>
   </div>
   <div class='ocr_carea' id='block_1_22' title="bbox 0 0 1332 4980">
    <p class='ocr_par' dir='ltr' id='par_1_22' title="bbox 0 0 1332 4980">
     <span class='ocr_line' id='line_1_37' title="bbox 0 0 1332 4980; baseline 0 0"><span class='ocrx_word' id='word_1_259' title='bbox 0 0 1332 4980; x_wconf 95' lang='lat' dir='ltr'><strong> </strong></span> 
     </span>
    </p>
   </div>
  </div>
 </body>
</html>
