2656 4980
204 458 271 514 ’llll
560 448 894 539 lactantio.

206 625 272 700 Jll
294 624 385 699 bibl.
406 621 500 720 Reg.
526 623 705 696 utendum
734 620 828 724 mihi
853 615 1056 706 concessit,
1089 617 1252 688 alterum
1321 646 1323 652 Α

120 763 122 772 '
213 759 457 864 (intlaesam,
492 798 601 872 quem
629 775 831 849 Famnnrcr
862 772 1037 846 Jncocsn
1066 767 1254 864 singulari

163 993 178 1018 „
210 931 440 1021 humanitate
460 929 597 1022 accepi.
648 924 832 1005 Neutrum
846 946 1004 1021 magnae
1018 923 1254 997 auctoritatis

87 1066 92 1076 ⁴
213 1104 298 1156 esse
319 1065 499 1170 dixerim,
535 1083 603 1154 sed
624 1077 852 1154 Drcsdensis
874 1033 1042 1173 draestat
1066 1071 1255 1150 Gothano.

213 1230 524 1309 Animadvertere
546 1235 670 1325 licuit,
695 1235 893 1328 plerosque
923 1232 1056 1303 horum
1085 1231 1256 1303 codicum
1318 1272 1321 1279 ·

55 1426 59 1440 1
117 1371 132 1460 s
214 1386 359 1459 hiatum
381 1378 589 1459 admisisse.
639 1384 812 1480 Denique
828 1385 1013 1459 rationem
1035 1385 1260 1478 capitumet

216 1514 555 1634 paragraphorum,
581 1539 672 1613 olim
685 1540 917 1627 adhibitam,
942 1538 1103 1629 retinui,
1129 1537 1184 1609 ita
1203 1543 1260 1606 ta·

217 1713 322 1781 men,
341 1701 385 1765 ut
403 1693 603 1766 intervalla
625 1694 787 1787 capitum
807 1692 1067 1764 contraherem
1087 1699 1127 1763 et
1150 1689 1262 1782 signa

135 1818 136 1824 ἵ
219 1846 269 1919 ad
291 1836 496 1941 marginem
518 1846 721 1920 scriberem
740 1847 880 1945 pagina
896 1843 1072 1917 editionis
1085 1840 1263 1916 Reiskia·

149 2103 152 2110 Ι
193 1968 493 2091 'naeapposita

325 2149 471 2224 Textni
503 2146 571 2218 ita.
590 2147 778 2224 recensito
812 2114 957 2222 subieci
992 2147 1265 2240 annotationes,

223 2300 370 2393 quihusu
385 2308 425 2373 et
452 2275 653 2374 lectionum
677 2321 701 2372 a
726 2323 786 2389 me
817 2285 1052 2393 receptarum
1079 2300 1265 2372 rationem

222 2453 421 2532 redderem
439 2430 502 2525 vel
523 2453 762 2526 diversitates
782 2455 968 2527 notabiles
983 2455 1203 2540 adiicerem,
1227 2462 1267 2524 et

224 2603 309 2675 loce
322 2605 515 2678 intellectu
528 2606 744 2709 difficiliora
761 2609 824 2678 vel
837 2607 998 2679 oliorum
1011 2609 1074 2679 vel
1089 2607 1183 2677 meis
1200 2627 1267 2678 ex-

224 2757 416 2850 planarem
438 2761 586 2853 verbis,
619 2782 711 2833 usus
738 2761 834 2832 hanc
852 2760 893 2832 in
913 2783 994 2832 rem
1014 2769 1093 2834 tum
1106 2751 1275 2868 Unernnl

225 2913 519 3004 commentariis,
545 2923 624 2988 tum
637 2914 736 2985 notis
751 2911 981 3002 H.Wonn11‚
1001 2911 1147 3000 Rnsmr,
1167 2910 1269 2982 Ban-

224 3080 280 3138 nu
308 3061 445 3153 (obss.
459 3067 501 3138 in
518 3064 625 3138 Dem.
647 3064 761 3160 Phil.)
785 3076 824 3138 et
848 3060 949 3140 Gon.
970 3064 1096 3137 Hanc.
1119 3062 1269 3136 Sciron-

225 3179 323 3287 rnar.
372 3214 423 3288 Et
443 3213 562 3291 lecticae
582 3219 731 3311 quidem
752 3217 1059 3314 castigationibus
1083 3223 1126 3287 ut
1151 3216 1268 3308 pluri·

155 3452 165 3472 ρ
226 3387 327 3438 mum
348 3390 408 3440 mc
430 3371 567 3445 debere
590 3350 733 3462 fateor,
757 3372 834 3462 ita,
865 3373 899 3443 si
922 3370 961 3442 ei
985 3369 1032 3440 dc
1053 3366 1102 3439 H.
1123 3366 1269 3440 Wolfio

177 3509 188 3603 ’,
228 3521 430 3593 contentio
443 3524 548 3618 loqui
559 3524 663 3602 visus
678 3547 774 3615 sum,
799 3533 838 3594 et
852 3523 964 3596 huius
980 3531 1017 3594 et
1030 3519 1192 3602 Rciskii,
1214 3521 1269 3593 vi-

226 3691 355 3746 rorum
393 3674 440 3744 de
468 3673 720 3768 Demosthene
752 3676 1013 3749 immortaliter
1048 3675 1269 3744 meritorum

140 3856 142 3863 ·
227 3825 445 3896 memoriam
466 3837 556 3900 tunc
583 3830 725 3901 recolui
754 3840 792 3908 et
814 3852 913 3902 nunc
933 3827 1070 3901 recolo.
1134 3823 1269 3915 Multa,

228 3995 323 4067 qnae
338 3976 378 4046 in
393 3979 450 4051 ed.
465 4002 520 4071 pr.
535 3992 812 4068 annotaveram,
835 3981 876 4050 in
892 3981 963 4051 hac
978 3981 1040 4052 vel
1057 3982 1195 4052 omissa
1206 3982 1271 4051 rel

226 4127 436 4150 m·-

294 4201 368 4258 rari.
379 4205 402 4259 1.
416 4207 452 4262 ao
465 4205 554 4271 racc,
574 4205 610 4261 aa
625 4205 744 4258 crassae.
757 4209 787 4258 a
800 4164 959 4263 patranda
972 4207 1118 4278 epam,
1140 4237 1169 4248 -
1187 4206 1272 4261 Uter.

296 4303 867 4373 <1⁰⁰codcxsaocultxmcssevtdeoo.
899 4344 901 4348 .
946 4330 947 4333 =
994 4381 999 4390 Ι
