2656 4980
244 234 259 265 S

145 313 217 379 ooo
352 307 720 384 -oounnnmn
750 276 953 372 utsron.

145 434 316 536 lrtxdlovr
334 463 560 563 δοκιμασθείς.
594 464 662 532 Sed
672 470 790 531 ‘omnis
814 420 1038 557 repugnantia
1050 448 1178 554 tollitur,

36 649 40 655 ,
144 570 246 637 modo
276 582 382 638 struas
405 569 459 639 tat
477 565 602 638 τούτων
625 592 702 635 cnm
723 562 923 657 ¹tvrsscllcoo,
956 583 989 637 et
1011 594 1080 637 non
1106 586 1178 639 cum

143 672 370 764 doxrpoodslc.
424 672 500 739 Jam
531 694 611 740 vero
639 695 735 738 carna
764 673 913 764 Oropica
939 671 1100 754 dictami
1128 674 1177 744 Ol.

147 778 232 857 103,
254 778 288 845 3.
336 778 419 844 Non
441 776 607 843 adsentior
633 774 791 843 Weiskio
813 776 854 842 do
878 774 961 866 hyp.
984 766 1039 843 ΠΙ.
1057 764 1100 868 ⁵p.
1124 779 1174 849 15.

144 880 282 947 dicenti:
315 879 477 965 „oudivit,
505 885 541 945 ni
563 876 678 958 fallor,
705 879 861 960 01103,
882 881 917 948 2.
944 903 1174 970 annumagens

146 982 204 1054 18.
222 984 335 1077 paullo
356 995 432 1051 anta
455 1006 553 1074 quam
576 988 612 1049 iu
632 987 753 1049 civium
770 982 883 1049 album
899 996 1053 1074 receptus
1068 990 1173 1052 enen

81 1086 87 1103 ’
141 1085 214 1155 Imo
244 1111 395 1157 errorem
426 1109 496 1153 esse
516 1085 660 1153 arbitror
685 1086 855 1155 Plutarchi
879 1098 913 1153 et
933 1086 1087 1179 Libano,
1125 1093 1174 1177 qui

141 1214 246 1280 quum
269 1194 516 1280 cognovissent,
552 1186 835 1271 Demosthenem,
870 1195 1084 1281 permittente
1103 1214 1171 1281 paa-

141 1293 289 1385 dagogo,
311 1294 451 1361 audiisse
474 1290 698 1361 Callistratum
713 1305 745 1361 at
762 1289 852 1359 hune
874 1291 930 1364 Ol
950 1292 1033 1376 103,
1050 1295 1084 1362 3.
1104 1316 1171 1359 coo-

68 1426 72 1439 ·
140 1420 212 1467 sam
234 1395 418 1488 Oropicom
435 1396 574 1479 dixisse,
598 1407 780 1489 utrumque
796 1397 1023 1465 conciliarunt.
1072 1396 1170 1465 Acca·

140 1501 189 1569 dit
202 1501 292 1589 quod
305 1499 468 1569 Libonius
488 1490 586 1567 dicit:
611 1504 728 1595 φασὶν,
752 1488 856 1589 alnas,
877 1495 939 1584 τὴν
957 1500 1083 1605 (δίκην)
1105 1503 1168 1590 περὶ

136 1603 291 1696 Ὠρωποῦ
296 1605 356 1695 **).
396 1604 488 1671 Hine
505 1600 594 1669 illam
610 1627 685 1670 rem
700 1608 749 1670 ita·
759 1603 1002 1692 expediendam
1017 1608 1166 1671 existimo.

138 1707 384 1793 Demosthenes
404 1705 667 1775 adolescentulus
687 1705 793 1773 audiit
813 1705 1035 1774 Callistratum
1057 1715 1165 1796 (quem

139 1813 181 1879 de
197 1811 276 1879 Cor.
293 1813 379 1897 301,
397 1809 453 1880 18.
480 1814 570 1877 inter
590 1809 745 1895 celebres¹
759 1821 909 1877 oratores
922 1808 1045 1898 refert)
1068 1812 1165 1875 neseio

139 1938 239 2007 quam
264 1938 398 1985 censam
421 1908 608 2001 dicentem
632 1910 696 1980 hae
716 1906 880 1982 remotus
897 1902 1170 1981 sanctadona

139 2018 287 2087 contulit.
339 2016 422 2085 Non
443 2039 630 2107 repugnem
653 2023 680 2083 si
696 2021 769 2109 quis
785 2017 979 2099 contendat,
1006 2023 1100 2111 etiam
1118 2012 1165 2081 Ol

141 2120 225 2202 103,
241 2121 275 2193 3,.
302 2118 525 2187 Callistratum
540 2141 610 2187 esse
627 2142 646 2185 a
659 2118 890 2189 Demosthene
905 2112 1062 2200 auditum,
1087 2128 1163 2185 certe

137 2229 208 2290 sina
223 2221 428 2311 poedagogo.
472 2221 549 2291 Jam
569 2221 695 2291 Orator
708 2228 799 2289 inter
812 2228 901 2289 viros
915 2235 1066 2311 receptus
1078 2243 1165 2287 occu·

24 2352 32 2365 ·
136 2331 218 2392 savit
244 2335 371 2391 tutores
399 2326 438 2391 et'
451 2322 570 2391 habuit
587 2324 743 2416 deinceps
767 2332 934 2399 orationes
959 2330 1109 2392 tutorioss
1130 2323 1164 2388 lis

136 2428 278 2495 diremto
300 2438 352 2519 ast
368 2424 565 2495 Timocrate
583 2439 737 2519 praetore
765 2428 821 2497 Ol
841 2422 927 2517 104,
947 2429 980 2528 1.
1003 2467 1053 2511 ···.
1077 2426 1164 2493 Ceta-

13 2574 21 2591 ·
134 2555 214 2638 rum
234 2529 311 2601 vide
333 2528 420 2599 dicta
440 2529 484 2599 ad
507 2542 592 2601 orat
614 2530 646 2601 (1.
671 2530 749 2600 Pac.
772 2530 808 2620 5,
826 2532 862 2600 2.
955 2563 961 2574 ·

455 2658 763 2798 ,asenna
789 2699 822 2773 1.
911 2678 913 2683 ’

237 2830 435 2907 Pd'ocenoes
461 2837 601 2906 violatae
625 2837 794 2928 religionis
820 2835 1046 2919 condemnati,
1085 2832 1170 2927 quod

63 2986 66 2993 -
134 2962 266 3009 sacrum
294 2964 414 3031 ogram
443 2953 605 3025 orassent,
643 2939 858 3024 recusabant,
891 2940 1076 3009 Philomela
1099 2962 1170 3006 sua-

134 3044 254 3129 dente,
278 3067 464 3127 summam,
492 3068 576 3136 quoe
596 3048 639 3119 iia
660 3043 952 3135 Amphictyonum
966 3045 1096 3111 decreto
1110 3048 1171 3111 im·

132 3152 240 3237 posita
262 3159 352 3235 erat,
377 3147 526 3232 solver03
550 3149 605 3217 ille
628 3146 765 3217 foedere
781 3171 860 3215 cum
874 3146 1172 3215 Atheniensibuset

133 3251 378 3341 Spartanorum
397 3273 477 3341 rege
498 3240 708 3319 Archidamo
728 3254 830 3337 inito,
865 3248 1019 3341 Delphos
1037 3261 1172 3365 occupat

133 3367 167 3421 et
192 3354 377 3438 Thrac-idac
401 3354 567 3422 interficit.
619 3353 696 3437 Quo
725 3354 768 3423 de
799 3377 896 3421 causo
922 3354 1077 3421 Thebani
1097 3376 1173 3423 eum

131 3456 556 3565 Locr·ensibus,4'lhessolis
569 3457 704 3551 aliisque
728 3459 784 3529 01.
794 3457 878 3540 106,
893 3458 927 3526 2.
944 3459 1069 3525 bellum
1082 3458 1173 3527 Pho-

132 3629 342 3649 W

201 3734 227 3802 ⁴)
241 3732 281 3783 Ex
291 3732 343 3801 hoc
356 3733 418 3787 loeo
431 3732 540 3786 fuerant
550 3731 597 3799 qut
609 3727 811 3793 concluderent,
827 3727 1038 3783 Demosthenem
1050 3729 1174 3783 archonte

97 3864 102 3873 .
134 3817 319 3886 Cephisodoso
334 3821 485 3875 intersitas
503 3830 639 3887 receptum
659 3835 723 3871 csse.
759 3817 819 3871 Noc
836 3818 932 3887 probo,
949 3834 1037 3885 neque
1053 3817 1175 3883 intelligo

38 3918 41 3925 ·
129 3901 349 3957 Schoemannum
373 3906 407 3957 de
432 3906 509 3958 Com.
533 3902 633 3956 Athen.
651 3920 679 3971 p.
693 3901 726 3973 76
745 3916 771 3956 et
789 3918 831 3971 77·
866 3902 935 3956 Nam
952 3919 1037 3969 quam
1059 3901 1176 3969 dixisset,

130 3984 339 4041 Demosthenem
355 3990 446 4046 XVlll
462 4008 544 4043 annos
560 4003 653 4040 uotum
670 3991 739 4041 inter
756 3989 825 4039 cives
844 4001 983 4056 receptum
998 4005 1070 4049 asse,
1086 3999 1176 4038 tamen

34 4066 40 4079 '
130 4055 283 4135 contendit,
302 4074 360 4128 lolli
377 4094 431 4143 eos,
450 4080 496 4145 qai
516 4068 544 4127 id
565 4072 692 4145 Polyzslo
708 4073 778 4124 arch·
795 4072 897 4128 lactum
916 4089 971 4125 esse
987 4084 1088 4142 potent.

199 4154 244 4237 ”t
256 4157 397 4215 Libanium
417 4162 580 4227 uenationes
597 4159 732 4213 interdum
747 4162 788 4209 vel
810 4162 880 4212 mals
891 4161 1040 4230 percepisse
1055 4158 1097 4211 rel
1109 4175 1178 4211 con·

120 4244 229 4297 ,fudisse
250 4257 322 4312 patet
338 4265 370 4300 ex
388 4253 458 4303 ontis
475 4249 509 4301 sd
527 4250 581 4304 vit.
603 4248 682 4299 Dent.
704 4244 748 4310 lV,
765 4244 792 4303 ὅ.
