<?xml version="1.0" encoding="UTF-8"?>
<!DOCTYPE html PUBLIC "-//W3C//DTD XHTML 1.0 Transitional//EN"
    "http://www.w3.org/TR/xhtml1/DTD/xhtml1-transitional.dtd">
<html xmlns="http://www.w3.org/1999/xhtml" xml:lang="en" lang="en">
 <head>
  <title>
</title>
<meta http-equiv="Content-Type" content="text/html;charset=utf-8" />
  <meta name='ocr-system' content='tesseract 3.04.00' />
  <meta name='ocr-capabilities' content='ocr_page ocr_carea ocr_par ocr_line ocrx_word'/>
</head>
<body>
  <div class='ocr_page' id='page_1' title='image "./philippicaprima00demogoog_0083.png"; bbox 0 0 2656 4980; ppageno 0'>
   <div class='ocr_carea' id='block_1_1' title="bbox 162 370 878 445">
    <p class='ocr_par' dir='ltr' id='par_1_1' title="bbox 162 370 878 445">
     <span class='ocr_line' id='line_1_1' title="bbox 162 370 878 445; baseline -0.018 0"><span class='ocrx_word' id='word_1_1' title='bbox 162 380 211 445; x_wconf 81' lang='grc'>48</span> <span class='ocrx_word' id='word_1_2' title='bbox 413 418 415 425; x_wconf 64' lang='lat'>›</span> <span class='ocrx_word' id='word_1_3' title='bbox 495 370 878 435; x_wconf 83' lang='lat' dir='ltr'><strong>DEMOSTHENIS</strong></span> 
     </span>
    </p>
   </div>
   <div class='ocr_carea' id='block_1_2' title="bbox 86 517 1218 757">
    <p class='ocr_par' dir='ltr' id='par_1_2' title="bbox 132 517 1218 737">
     <span class='ocr_line' id='line_1_2' title="bbox 164 517 1218 654; baseline -0.005 -46"><span class='ocrx_word' id='word_1_4' title='bbox 164 527 231 608; x_wconf 85' lang='grc' dir='ltr'>τδν</span> <span class='ocrx_word' id='word_1_5' title='bbox 252 527 406 654; x_wconf 79' lang='grc' dir='ltr'><em>χειμῶνα</em></span> <span class='ocrx_word' id='word_1_6' title='bbox 427 531 609 630; x_wconf 77' lang='grc' dir='ltr'><em>ἐπιχειρεῖ,</em></span> <span class='ocrx_word' id='word_1_7' title='bbox 633 518 721 628; x_wconf 78' lang='grc' dir='ltr'><em>ἡνίκ’</em></span> <span class='ocrx_word' id='word_1_8' title='bbox 745 517 794 599; x_wconf 90' lang='grc' dir='ltr'>αν</span> <span class='ocrx_word' id='word_1_9' title='bbox 789 519 916 626; x_wconf 76' lang='grc' dir='ltr'><em>ἡμεῖς</em></span> <span class='ocrx_word' id='word_1_10' title='bbox 934 553 983 626; x_wconf 85' lang='grc' dir='ltr'>μη</span> <span class='ocrx_word' id='word_1_11' title='bbox 969 519 1218 623; x_wconf 75' lang='grc' dir='ltr'><em>δυναίμεθα</em></span> 
     </span>
     <span class='ocr_line' id='line_1_3' title="bbox 86 626 1218 757; baseline -0.004 -45.826"><span class='ocrx_word' id='word_1_12' title='bbox 86 626 283 719; x_wconf 59' lang='grc' dir='ltr'>ξζ5,διιεῑσε</span> <span class='ocrx_word' id='word_1_13' title='bbox 312 631 520 757; x_wconf 77' lang='grc' dir='ltr'><strong><em>ἀφικέσθαι.</em></strong></span> <span class='ocrx_word' id='word_1_14' title='bbox 561 631 626 704; x_wconf 85' lang='grc' dir='ltr'>Δεῖ</span> <span class='ocrx_word' id='word_1_15' title='bbox 655 630 781 703; x_wconf 81' lang='grc' dir='ltr'><strong><em>τοίνυν</em></strong></span> <span class='ocrx_word' id='word_1_16' title='bbox 811 628 937 727; x_wconf 77' lang='grc' dir='ltr'><em>[ἡμᾶς]</em></span> <span class='ocrx_word' id='word_1_17' title='bbox 962 628 1061 750; x_wconf 79' lang='grc' dir='ltr'><em>ταῦτ</em></span> <span class='ocrx_word' id='word_1_18' title='bbox 1089 637 1218 731; x_wconf 78' lang='grc' dir='ltr'><em>ἐνθα-</em></span> 
     </span>
    </p>
   </div>
   <div class='ocr_carea' id='block_1_3' title="bbox 164 724 1253 967">
    <p class='ocr_par' dir='ltr' id='par_1_3' title="bbox 164 724 1253 944">
     <span class='ocr_line' id='line_1_4' title="bbox 164 724 1218 864; baseline -0.005 -50"><span class='ocrx_word' id='word_1_19' title='bbox 164 744 370 864; x_wconf 79' lang='grc' dir='ltr'><em>μρσμένονς</em></span> <span class='ocrx_word' id='word_1_20' title='bbox 401 733 450 836; x_wconf 77' lang='grc' dir='ltr'>μὴ</span> <span class='ocrx_word' id='word_1_21' title='bbox 481 733 670 857; x_wconf 75' lang='grc' dir='ltr'><strong><em>βοηθείαις</em></strong></span> <span class='ocrx_word' id='word_1_22' title='bbox 702 735 945 828; x_wconf 80' lang='grc' dir='ltr'><em>πολεμεῖν-</em></span> <span class='ocrx_word' id='word_1_23' title='bbox 973 724 1218 835; x_wconf 72' lang='grc' dir='ltr'><strong><em>ὑστεριοῦμεν</em></strong></span> 
     </span>
     <span class='ocr_line' id='line_1_5' title="bbox 165 831 1253 967; baseline -0.009 -49"><span class='ocrx_word' id='word_1_24' title='bbox 165 839 235 967; x_wconf 75' lang='grc' dir='ltr'>γάρ</span> <span class='ocrx_word' id='word_1_25' title='bbox 260 838 513 964; x_wconf 76' lang='grc' dir='ltr'><em>ἁπάντων-,</em></span> <span class='ocrx_word' id='word_1_26' title='bbox 538 831 628 910; x_wconf 80' lang='grc' dir='ltr'>ἀλλὰ</span> <span class='ocrx_word' id='word_1_27' title='bbox 654 838 861 938; x_wconf 78' lang='grc' dir='ltr'><em>παρασκευῇ</em></span> <span class='ocrx_word' id='word_1_28' title='bbox 887 848 1025 930; x_wconf 83' lang='grc' dir='ltr'><em>συνεχεῖ</em></span> <span class='ocrx_word' id='word_1_29' title='bbox 1049 841 1110 912; x_wconf 80' lang='grc' dir='ltr'><em>καὶ</em></span> <span class='ocrx_word' id='word_1_30' title='bbox 1139 843 1216 914; x_wconf 86' lang='grc' dir='ltr'><em>δν-</em></span> <span class='ocrx_word' id='word_1_31' title='bbox 1231 836 1253 913; x_wconf 70' lang='grc' dir='ltr'><em>δ</em></span> 
     </span>
    </p>
   </div>
   <div class='ocr_carea' id='block_1_4' title="bbox 30 935 1231 1571">
    <p class='ocr_par' dir='ltr' id='par_1_4' title="bbox 30 935 1231 1561">
     <span class='ocr_line' id='line_1_6' title="bbox 166 935 1231 1068; baseline -0.004 -46"><span class='ocrx_word' id='word_1_32' title='bbox 166 943 284 1043; x_wconf 81' lang='grc' dir='ltr'><em>νάμει</em></span> <span class='ocrx_word' id='word_1_33' title='bbox 316 939 467 1068; x_wconf 82' lang='grc' dir='ltr'><em>ὑπάρχει</em></span> <span class='ocrx_word' id='word_1_34' title='bbox 503 935 589 1014; x_wconf 84' lang='grc' dir='ltr'><em>δ</em></span> <span class='ocrx_word' id='word_1_35' title='bbox 571 951 657 1035; x_wconf 84' lang='grc' dir='ltr'><em>υμῖν</em></span> <span class='ocrx_word' id='word_1_36' title='bbox 686 942 859 1044; x_wconf 79' lang='grc' dir='ltr'><em>χειμαδίῳ</em></span> <span class='ocrx_word' id='word_1_37' title='bbox 890 943 957 1065; x_wconf 78' lang='grc' dir='ltr'><em>μὲν</em></span> <span class='ocrx_word' id='word_1_38' title='bbox 980 942 1216 1042; x_wconf 82' lang='grc' dir='ltr'><em>χρῆσθαι</em></span> <span class='ocrx_word' id='word_1_39' title='bbox 1171 972 1231 1049; x_wconf 68' lang='lat' dir='ltr'>esp</span> 
     </span>
     <span class='ocr_line' id='line_1_7' title="bbox 30 1036 1217 1174; baseline 0.008 -61"><span class='ocrx_word' id='word_1_40' title='bbox 30 1106 33 1113; x_wconf 90' lang='lat'><em>.</em></span> <span class='ocrx_word' id='word_1_41' title='bbox 59 1054 65 1071; x_wconf 58' lang='lat'>⁸</span> <span class='ocrx_word' id='word_1_42' title='bbox 166 1046 322 1174; x_wconf 57' lang='lat' dir='ltr'>(turnines</span> <span class='ocrx_word' id='word_1_43' title='bbox 344 1051 496 1170; x_wconf 74' lang='grc' dir='ltr'><em>Λρμνῳ</em></span> <span class='ocrx_word' id='word_1_44' title='bbox 509 1069 570 1116; x_wconf 88' lang='grc' dir='ltr'>ναι</span> <span class='ocrx_word' id='word_1_45' title='bbox 596 1036 704 1140; x_wconf 76' lang='grc' dir='ltr'><em>Θάσῳ</em></span> <span class='ocrx_word' id='word_1_46' title='bbox 725 1045 786 1117; x_wconf 85' lang='grc' dir='ltr'><em>καὶ</em></span> <span class='ocrx_word' id='word_1_47' title='bbox 808 1040 966 1140; x_wconf 80' lang='grc' dir='ltr'><em>Σκιάθῳ</em></span> <span class='ocrx_word' id='word_1_48' title='bbox 990 1049 1051 1119; x_wconf 79' lang='grc' dir='ltr'><em>καὶ</em></span> <span class='ocrx_word' id='word_1_49' title='bbox 1069 1056 1155 1136; x_wconf 75' lang='grc' dir='ltr'><em>ταῖς</em></span> <span class='ocrx_word' id='word_1_50' title='bbox 1176 1053 1217 1122; x_wconf 81' lang='grc' dir='ltr'><em>ἐν</em></span> 
     </span>
     <span class='ocr_line' id='line_1_8' title="bbox 61 1117 1218 1270; baseline -0.004 -41"><span class='ocrx_word' id='word_1_51' title='bbox 61 1170 65 1175; x_wconf 87' lang='grc'><em>“</em></span> <span class='ocrx_word' id='word_1_52' title='bbox 165 1150 285 1248; x_wconf 82' lang='grc' dir='ltr'><em>τούτῳ</em></span> <span class='ocrx_word' id='word_1_53' title='bbox 309 1179 359 1246; x_wconf 86' lang='grc' dir='ltr'><em>τῳ</em></span> <span class='ocrx_word' id='word_1_54' title='bbox 385 1145 487 1244; x_wconf 83' lang='grc' dir='ltr'><em>τόπῳ</em></span> <span class='ocrx_word' id='word_1_55' title='bbox 510 1141 653 1270; x_wconf 75' lang='grc' dir='ltr'><em>νήσοις,</em></span> <span class='ocrx_word' id='word_1_56' title='bbox 683 1117 725 1220; x_wconf 69' lang='lat' dir='ltr'>ln</span> <span class='ocrx_word' id='word_1_57' title='bbox 745 1147 803 1238; x_wconf 80' lang='grc' dir='ltr'><em>αῖς</em></span> <span class='ocrx_word' id='word_1_58' title='bbox 823 1149 884 1221; x_wconf 85' lang='grc' dir='ltr'><em>καὶ</em></span> <span class='ocrx_word' id='word_1_59' title='bbox 906 1151 1042 1242; x_wconf 80' lang='grc' dir='ltr'><em>λιμένες</em></span> <span class='ocrx_word' id='word_1_60' title='bbox 1063 1150 1126 1222; x_wconf 83' lang='grc' dir='ltr'><em>καὶ</em></span> <span class='ocrx_word' id='word_1_61' title='bbox 1152 1163 1218 1224; x_wconf 71' lang='lat' dir='ltr'>oz-</span> 
     </span>
     <span class='ocr_line' id='line_1_9' title="bbox 165 1245 1213 1374; baseline -0.004 -43"><span class='ocrx_word' id='word_1_62' title='bbox 165 1279 230 1346; x_wconf 86' lang='grc' dir='ltr'><em>τος</em></span> <span class='ocrx_word' id='word_1_63' title='bbox 249 1255 310 1328; x_wconf 86' lang='grc' dir='ltr'><em>καὶ</em></span> <span class='ocrx_word' id='word_1_64' title='bbox 334 1249 359 1326; x_wconf 74' lang='grc' dir='ltr'>δι’</span> <span class='ocrx_word' id='word_1_65' title='bbox 377 1248 459 1354; x_wconf 82' lang='grc' dir='ltr'>χρὴ</span> <span class='ocrx_word' id='word_1_66' title='bbox 457 1245 725 1373; x_wconf 77' lang='grc' dir='ltr'><em>στρατεύματι,</em></span> <span class='ocrx_word' id='word_1_67' title='bbox 752 1245 867 1325; x_wconf 80' lang='grc' dir='ltr'><em>πάνθ’</em></span> <span class='ocrx_word' id='word_1_68' title='bbox 892 1247 1050 1350; x_wconf 80' lang='grc' dir='ltr'><em>ὑπάρχει.</em></span> <span class='ocrx_word' id='word_1_69' title='bbox 1075 1248 1156 1374; x_wconf 80' lang='grc' dir='ltr'>τὴν</span> <span class='ocrx_word' id='word_1_70' title='bbox 1169 1249 1213 1327; x_wconf 80' lang='grc' dir='ltr'>δ’</span> 
     </span>
     <span class='ocr_line' id='line_1_10' title="bbox 165 1349 1215 1478; baseline -0.004 -45"><span class='ocrx_word' id='word_1_71' title='bbox 165 1357 262 1457; x_wconf 84' lang='grc' dir='ltr'><em>ὥραν</em></span> <span class='ocrx_word' id='word_1_72' title='bbox 291 1356 358 1430; x_wconf 84' lang='grc' dir='ltr'><em>τοῦ</em></span> <span class='ocrx_word' id='word_1_73' title='bbox 382 1363 504 1444; x_wconf 79' lang='grc' dir='ltr'><em>ἐτονς,</em></span> <span class='ocrx_word' id='word_1_74' title='bbox 539 1349 599 1427; x_wconf 86' lang='grc' dir='ltr'><em>ὅτε</em></span> <span class='ocrx_word' id='word_1_75' title='bbox 618 1379 678 1426; x_wconf 87' lang='grc' dir='ltr'><em>και</em></span> <span class='ocrx_word' id='word_1_76' title='bbox 673 1350 799 1478; x_wconf 84' lang='grc' dir='ltr'><em>πρὸς</em></span> <span class='ocrx_word' id='word_1_77' title='bbox 814 1353 858 1454; x_wconf 77' lang='grc' dir='ltr'><em>τῇ</em></span> <span class='ocrx_word' id='word_1_78' title='bbox 879 1383 922 1454; x_wconf 56' lang='lat' dir='ltr'>yn</span> <span class='ocrx_word' id='word_1_79' title='bbox 907 1351 1156 1449; x_wconf 75' lang='grc' dir='ltr'><em>γενέσθαι</em></span> <span class='ocrx_word' id='word_1_80' title='bbox 1138 1351 1215 1478; x_wconf 76' lang='grc' dir='ltr'>ρά-</span> 
     </span>
     <span class='ocr_line' id='line_1_11' title="bbox 165 1452 1214 1571; baseline -0.004 -34"><span class='ocrx_word' id='word_1_81' title='bbox 165 1465 251 1537; x_wconf 93' lang='grc' dir='ltr'><em>διον</em></span> <span class='ocrx_word' id='word_1_82' title='bbox 283 1486 345 1571; x_wconf 83' lang='grc' dir='ltr'>ναι</span> <span class='ocrx_word' id='word_1_83' title='bbox 375 1454 424 1535; x_wconf 88' lang='grc' dir='ltr'><em>τὸ</em></span> <span class='ocrx_word' id='word_1_84' title='bbox 449 1458 520 1533; x_wconf 85' lang='grc' dir='ltr'>τῶν</span> <span class='ocrx_word' id='word_1_85' title='bbox 541 1452 755 1555; x_wconf 84' lang='grc' dir='ltr'><em>πνευμάτων</em></span> <span class='ocrx_word' id='word_1_86' title='bbox 777 1453 958 1585; x_wconf 79' lang='grc' dir='ltr'><em>ἀσφαλὲς,</em></span> <span class='ocrx_word' id='word_1_87' title='bbox 991 1453 1082 1561; x_wconf 83' lang='grc' dir='ltr'><em>πρὸς</em></span> <span class='ocrx_word' id='word_1_88' title='bbox 1114 1457 1214 1561; x_wconf 79' lang='grc' dir='ltr'><em>αὐτῇ</em></span> 
     </span>
    </p>
   </div>
   <div class='ocr_carea' id='block_1_5' title="bbox 164 1638 374 1661">
    <p class='ocr_par' dir='ltr' id='par_1_5' title="bbox 164 1638 374 1661">
     <span class='ocr_line' id='line_1_12' title="bbox 164 1638 374 1661; baseline -0.014 -3"><span class='ocrx_word' id='word_1_89' title='bbox 164 1638 374 1661; x_wconf 52' lang='lat' dir='ltr'><em>W</em></span> 
     </span>
    </p>
   </div>
   <div class='ocr_carea' id='block_1_6' title="bbox 67 1733 1241 4388">
    <p class='ocr_par' dir='ltr' id='par_1_6' title="bbox 67 1733 1241 2828">
     <span class='ocr_line' id='line_1_13' title="bbox 163 1733 1216 1807; baseline 0 -16"><span class='ocrx_word' id='word_1_90' title='bbox 163 1740 247 1794; x_wconf 82' lang='lat' dir='ltr'>Hom.</span> <span class='ocrx_word' id='word_1_91' title='bbox 265 1736 320 1795; x_wconf 88' lang='lat' dir='ltr'>od.</span> <span class='ocrx_word' id='word_1_92' title='bbox 338 1736 373 1799; x_wconf 88' lang='lat' dir='ltr'>Il,</span> <span class='ocrx_word' id='word_1_93' title='bbox 388 1736 431 1789; x_wconf 89' lang='grc'>58.</span> <span class='ocrx_word' id='word_1_94' title='bbox 454 1733 515 1806; x_wconf 83' lang='lat' dir='ltr'>Vig.</span> <span class='ocrx_word' id='word_1_95' title='bbox 537 1753 565 1807; x_wconf 86' lang='lat' dir='ltr'>p.</span> <span class='ocrx_word' id='word_1_96' title='bbox 582 1753 625 1792; x_wconf 84' lang='lat'>22.</span> <span class='ocrx_word' id='word_1_97' title='bbox 651 1733 910 1806; x_wconf 74' lang='grc' dir='ltr'><em>διαπράττεται</em></span> <span class='ocrx_word' id='word_1_98' title='bbox 928 1740 965 1800; x_wconf 88' lang='lat' dir='ltr'>ie,</span> <span class='ocrx_word' id='word_1_99' title='bbox 984 1739 1029 1804; x_wconf 92' lang='lat' dir='ltr'>qui</span> <span class='ocrx_word' id='word_1_100' title='bbox 1048 1753 1216 1805; x_wconf 51' lang='lat' dir='ltr'>mogus-re·</span> 
     </span>
     <span class='ocr_line' id='line_1_14' title="bbox 163 1821 1241 1894; baseline -0.003 -14"><span class='ocrx_word' id='word_1_101' title='bbox 163 1845 226 1880; x_wconf 73' lang='lat' dir='ltr'>snm</span> <span class='ocrx_word' id='word_1_102' title='bbox 246 1824 423 1893; x_wconf 80' lang='lat' dir='ltr'>gerendarum</span> <span class='ocrx_word' id='word_1_103' title='bbox 440 1824 582 1894; x_wconf 79' lang='lat' dir='ltr'>cupiditate</span> <span class='ocrx_word' id='word_1_104' title='bbox 596 1821 701 1886; x_wconf 86' lang='lat' dir='ltr'>duetus,</span> <span class='ocrx_word' id='word_1_105' title='bbox 719 1821 852 1890; x_wconf 88' lang='lat' dir='ltr'>quidquid</span> <span class='ocrx_word' id='word_1_106' title='bbox 866 1836 953 1889; x_wconf 87' lang='lat' dir='ltr'>potest</span> <span class='ocrx_word' id='word_1_107' title='bbox 965 1826 1006 1874; x_wconf 87' lang='lat' dir='ltr'>vel</span> <span class='ocrx_word' id='word_1_108' title='bbox 1020 1827 1108 1876; x_wconf 77' lang='lat' dir='ltr'>fallaci</span> <span class='ocrx_word' id='word_1_109' title='bbox 1123 1826 1215 1877; x_wconf 87' lang='lat' dir='ltr'>modo</span> <span class='ocrx_word' id='word_1_110' title='bbox 1236 1856 1241 1863; x_wconf 88' lang='lat'>.</span> 
     </span>
     <span class='ocr_line' id='line_1_15' title="bbox 164 1907 1214 1978; baseline -0.003 -12"><span class='ocrx_word' id='word_1_111' title='bbox 164 1916 193 1967; x_wconf 84' lang='lat' dir='ltr'>in</span> <span class='ocrx_word' id='word_1_112' title='bbox 210 1930 286 1964; x_wconf 83' lang='lat' dir='ltr'>snam</span> <span class='ocrx_word' id='word_1_113' title='bbox 303 1910 401 1976; x_wconf 80' lang='lat' dir='ltr'><strong>redigit</strong></span> <span class='ocrx_word' id='word_1_114' title='bbox 413 1922 584 1977; x_wconf 79' lang='lat' dir='ltr'>potestatem.</span> <span class='ocrx_word' id='word_1_115' title='bbox 616 1907 726 1978; x_wconf 85' lang='lat' dir='ltr'>Olyntb.</span> <span class='ocrx_word' id='word_1_116' title='bbox 740 1908 760 1972; x_wconf 84' lang='lat' dir='ltr'>l,</span> <span class='ocrx_word' id='word_1_117' title='bbox 775 1909 801 1972; x_wconf 85' lang='lat'>6,</span> <span class='ocrx_word' id='word_1_118' title='bbox 815 1912 840 1962; x_wconf 88' lang='grc'>5.</span> <span class='ocrx_word' id='word_1_119' title='bbox 855 1909 941 1960; x_wconf 83' lang='lat' dir='ltr'>Thuc.</span> <span class='ocrx_word' id='word_1_120' title='bbox 960 1910 982 1973; x_wconf 86' lang='lat' dir='ltr'>l,</span> <span class='ocrx_word' id='word_1_121' title='bbox 997 1911 1040 1967; x_wconf 77' lang='lat'>51.</span> <span class='ocrx_word' id='word_1_122' title='bbox 1054 1910 1099 1962; x_wconf 87' lang='lat' dir='ltr'>nbi</span> <span class='ocrx_word' id='word_1_123' title='bbox 1112 1910 1214 1967; x_wconf 81' lang='lat' dir='ltr'>Sebol.</span> 
     </span>
     <span class='ocr_line' id='line_1_16' title="bbox 165 1992 1217 2066; baseline 0 -17"><span class='ocrx_word' id='word_1_124' title='bbox 165 2001 281 2066; x_wconf 81' lang='lat' dir='ltr'>explicat</span> <span class='ocrx_word' id='word_1_125' title='bbox 300 1993 418 2064; x_wconf 70' lang='grc' dir='ltr'><em>χρήμασι</em></span> <span class='ocrx_word' id='word_1_126' title='bbox 433 1995 477 2046; x_wconf 78' lang='grc' dir='ltr'><em>καὶ</em></span> <span class='ocrx_word' id='word_1_127' title='bbox 494 1992 596 2062; x_wconf 65' lang='grc' dir='ltr'><em>λόγοις,</em></span> <span class='ocrx_word' id='word_1_128' title='bbox 615 1995 642 2044; x_wconf 87' lang='lat' dir='ltr'>in</span> <span class='ocrx_word' id='word_1_129' title='bbox 662 2007 801 2060; x_wconf 74' lang='lat' dir='ltr'>utromque</span> <span class='ocrx_word' id='word_1_130' title='bbox 819 2007 922 2062; x_wconf 76' lang='lat' dir='ltr'>partem</span> <span class='ocrx_word' id='word_1_131' title='bbox 940 1996 1044 2048; x_wconf 85' lang='lat' dir='ltr'>dicitnr.</span> <span class='ocrx_word' id='word_1_132' title='bbox 1060 2024 1093 2037; x_wconf 92' lang='lat'>-</span> <span class='ocrx_word' id='word_1_133' title='bbox 1116 1998 1217 2064; x_wconf 76' lang='grc' dir='ltr'><em>ἔτησ.</em></span> 
     </span>
     <span class='ocr_line' id='line_1_17' title="bbox 163 2079 1215 2152; baseline -0.002 -18"><span class='ocrx_word' id='word_1_134' title='bbox 163 2083 182 2151; x_wconf 74' lang='grc' dir='ltr'><em>ἢ</em></span> <span class='ocrx_word' id='word_1_135' title='bbox 204 2101 293 2152; x_wconf 84' lang='grc' dir='ltr'><em>χειμ.</em></span> <span class='ocrx_word' id='word_1_136' title='bbox 313 2081 370 2133; x_wconf 78' lang='lat' dir='ltr'>vid.</span> <span class='ocrx_word' id='word_1_137' title='bbox 392 2081 457 2148; x_wconf 85' lang='lat' dir='ltr'>Arg.</span> <span class='ocrx_word' id='word_1_138' title='bbox 475 2080 534 2130; x_wconf 85' lang='lat' dir='ltr'>Lib.</span> <span class='ocrx_word' id='word_1_139' title='bbox 552 2080 577 2147; x_wconf 78' lang='lat'>§.</span> <span class='ocrx_word' id='word_1_140' title='bbox 595 2080 621 2131; x_wconf 98' lang='grc'>5.</span> <span class='ocrx_word' id='word_1_141' title='bbox 644 2079 734 2144; x_wconf 80' lang='lat' dir='ltr'>ibique</span> <span class='ocrx_word' id='word_1_142' title='bbox 760 2079 839 2130; x_wconf 82' lang='lat' dir='ltr'>dicte.</span> <span class='ocrx_word' id='word_1_143' title='bbox 874 2080 972 2133; x_wconf 78' lang='lat' dir='ltr'>Orator</span> <span class='ocrx_word' id='word_1_144' title='bbox 987 2094 1091 2144; x_wconf 83' lang='lat' dir='ltr'>monet,</span> <span class='ocrx_word' id='word_1_145' title='bbox 1114 2093 1144 2132; x_wconf 88' lang='lat' dir='ltr'>et</span> <span class='ocrx_word' id='word_1_146' title='bbox 1163 2100 1215 2133; x_wconf 81' lang='lat' dir='ltr'>se-</span> 
     </span>
     <span class='ocr_line' id='line_1_18' title="bbox 163 2166 1215 2235; baseline -0.001 -13"><span class='ocrx_word' id='word_1_147' title='bbox 163 2183 230 2223; x_wconf 77' lang='lat' dir='ltr'>state</span> <span class='ocrx_word' id='word_1_148' title='bbox 249 2182 275 2219; x_wconf 90' lang='lat' dir='ltr'>et</span> <span class='ocrx_word' id='word_1_149' title='bbox 292 2169 380 2219; x_wconf 87' lang='lat' dir='ltr'>bieme</span> <span class='ocrx_word' id='word_1_150' title='bbox 402 2196 437 2205; x_wconf 93' lang='lat'>—</span> <span class='ocrx_word' id='word_1_151' title='bbox 460 2166 489 2216; x_wconf 85' lang='lat' dir='ltr'>in</span> <span class='ocrx_word' id='word_1_152' title='bbox 513 2182 564 2230; x_wconf 84' lang='lat' dir='ltr'>que</span> <span class='ocrx_word' id='word_1_153' title='bbox 588 2167 642 2232; x_wconf 80' lang='lat' dir='ltr'>ipse</span> <span class='ocrx_word' id='word_1_154' title='bbox 658 2168 728 2224; x_wconf 85' lang='lat' dir='ltr'>venti</span> <span class='ocrx_word' id='word_1_155' title='bbox 746 2167 963 2232; x_wconf 73' lang='lat' dir='ltr'>septentrionales</span> <span class='ocrx_word' id='word_1_156' title='bbox 981 2170 1142 2235; x_wconf 84' lang='lat' dir='ltr'>plerumque</span> <span class='ocrx_word' id='word_1_157' title='bbox 1163 2186 1215 2221; x_wconf 75' lang='lat' dir='ltr'>re·-</span> 
     </span>
     <span class='ocr_line' id='line_1_19' title="bbox 165 2249 1213 2323; baseline -0.002 -17"><span class='ocrx_word' id='word_1_158' title='bbox 165 2268 249 2323; x_wconf 78' lang='lat' dir='ltr'>gnnnt</span> <span class='ocrx_word' id='word_1_159' title='bbox 264 2282 299 2293; x_wconf 92' lang='lat'>-</span> <span class='ocrx_word' id='word_1_160' title='bbox 323 2255 517 2320; x_wconf 79' lang='lat' dir='ltr'>navigationem</span> <span class='ocrx_word' id='word_1_161' title='bbox 543 2267 599 2301; x_wconf 86' lang='lat' dir='ltr'>esse</span> <span class='ocrx_word' id='word_1_162' title='bbox 622 2253 809 2319; x_wconf 79' lang='lat' dir='ltr'>periculosam.</span> <span class='ocrx_word' id='word_1_163' title='bbox 827 2278 861 2290; x_wconf 90' lang='lat'><em>-</em></span> <span class='ocrx_word' id='word_1_164' title='bbox 876 2249 966 2319; x_wconf 74' lang='grc' dir='ltr'><em>ἡνίκ’</em></span> <span class='ocrx_word' id='word_1_165' title='bbox 986 2249 1026 2304; x_wconf 84' lang='grc' dir='ltr'><em>άν</em></span> <span class='ocrx_word' id='word_1_166' title='bbox 1043 2280 1076 2293; x_wconf 89' lang='lat'>·-</span> <span class='ocrx_word' id='word_1_167' title='bbox 1092 2253 1213 2305; x_wconf 73' lang='grc' dir='ltr'><em>δυναί-</em></span> 
     </span>
     <span class='ocr_line' id='line_1_20' title="bbox 163 2331 1208 2412; baseline -0.002 -19"><span class='ocrx_word' id='word_1_168' title='bbox 163 2343 267 2412; x_wconf 81' lang='grc' dir='ltr'><em>μεθα.</em></span> <span class='ocrx_word' id='word_1_169' title='bbox 292 2337 383 2404; x_wconf 83' lang='lat' dir='ltr'>Vulgo</span> <span class='ocrx_word' id='word_1_170' title='bbox 405 2332 557 2404; x_wconf 81' lang='grc' dir='ltr'><em>δυνώμεθα.</em></span> <span class='ocrx_word' id='word_1_171' title='bbox 588 2336 643 2386; x_wconf 84' lang='lat' dir='ltr'>Sed</span> <span class='ocrx_word' id='word_1_172' title='bbox 665 2331 733 2403; x_wconf 72' lang='grc' dir='ltr'><em>ἡνίκ’</em></span> <span class='ocrx_word' id='word_1_173' title='bbox 754 2334 785 2388; x_wconf 76' lang='grc' dir='ltr'><em>ἂν</em></span> <span class='ocrx_word' id='word_1_174' title='bbox 808 2355 832 2389; x_wconf 87' lang='lat' dir='ltr'>o.</span> <span class='ocrx_word' id='word_1_175' title='bbox 860 2339 929 2407; x_wconf 80' lang='lat' dir='ltr'>conj.</span> <span class='ocrx_word' id='word_1_176' title='bbox 955 2353 1007 2391; x_wconf 81' lang='lat' dir='ltr'>est:</span> <span class='ocrx_word' id='word_1_177' title='bbox 1032 2341 1058 2391; x_wconf 84' lang='lat' dir='ltr'>si</span> <span class='ocrx_word' id='word_1_178' title='bbox 1080 2341 1208 2409; x_wconf 78' lang='lat' dir='ltr'>quando.</span> 
     </span>
     <span class='ocr_line' id='line_1_21' title="bbox 166 2413 1209 2496; baseline 0 -19"><span class='ocrx_word' id='word_1_179' title='bbox 166 2426 277 2496; x_wconf 84' lang='lat' dir='ltr'>Olynth.</span> <span class='ocrx_word' id='word_1_180' title='bbox 296 2425 343 2487; x_wconf 89' lang='lat' dir='ltr'>lll,</span> <span class='ocrx_word' id='word_1_181' title='bbox 364 2441 386 2485; x_wconf 86' lang='grc' dir='ltr'>ι,</span> <span class='ocrx_word' id='word_1_182' title='bbox 401 2421 427 2472; x_wconf 84' lang='grc'><strong>4.</strong></span> <span class='ocrx_word' id='word_1_183' title='bbox 445 2413 514 2487; x_wconf 73' lang='grc' dir='ltr'><em>ἡνίκ’</em></span> <span class='ocrx_word' id='word_1_184' title='bbox 535 2421 569 2474; x_wconf 77' lang='grc' dir='ltr'><em>ἄν</em></span> <span class='ocrx_word' id='word_1_185' title='bbox 587 2420 664 2493; x_wconf 78' lang='grc' dir='ltr'><em>τύχῃ.</em></span> <span class='ocrx_word' id='word_1_186' title='bbox 700 2424 789 2491; x_wconf 80' lang='lat' dir='ltr'><strong>Quare</strong></span> <span class='ocrx_word' id='word_1_187' title='bbox 813 2439 845 2475; x_wconf 82' lang='lat' dir='ltr'>ex</span> <span class='ocrx_word' id='word_1_188' title='bbox 864 2425 930 2479; x_wconf 89' lang='lat' dir='ltr'>Ald.</span> <span class='ocrx_word' id='word_1_189' title='bbox 949 2427 1023 2495; x_wconf 78' lang='lat' dir='ltr'>Tsyl.</span> <span class='ocrx_word' id='word_1_190' title='bbox 1044 2427 1102 2481; x_wconf 76' lang='lat' dir='ltr'>Bne.</span> <span class='ocrx_word' id='word_1_191' title='bbox 1126 2439 1156 2477; x_wconf 89' lang='lat' dir='ltr'>et</span> <span class='ocrx_word' id='word_1_192' title='bbox 1178 2445 1209 2482; x_wconf 81' lang='grc' dir='ltr'>α.</span> 
     </span>
     <span class='ocr_line' id='line_1_22' title="bbox 164 2508 1209 2583; baseline -0.002 -19"><span class='ocrx_word' id='word_1_193' title='bbox 164 2530 228 2565; x_wconf 83' lang='lat' dir='ltr'>enm</span> <span class='ocrx_word' id='word_1_194' title='bbox 247 2514 275 2563; x_wconf 86' lang='grc' dir='ltr'><strong>Β.</strong></span> <span class='ocrx_word' id='word_1_195' title='bbox 292 2509 363 2571; x_wconf 76' lang='grc' dir='ltr'><em>,δαδὶ</em></span> <span class='ocrx_word' id='word_1_196' title='bbox 379 2508 541 2583; x_wconf 78' lang='grc' dir='ltr'><em>δυναίμεθα,</em></span> <span class='ocrx_word' id='word_1_197' title='bbox 567 2527 599 2560; x_wconf 86' lang='lat' dir='ltr'>eo</span> <span class='ocrx_word' id='word_1_198' title='bbox 618 2519 827 2580; x_wconf 55' lang='lat' dir='ltr'>temporepqno.</span> <span class='ocrx_word' id='word_1_199' title='bbox 852 2511 920 2566; x_wconf 90' lang='lat' dir='ltr'>Xen.</span> <span class='ocrx_word' id='word_1_200' title='bbox 941 2513 1006 2564; x_wconf 75' lang='lat' dir='ltr'>Oec-</span> <span class='ocrx_word' id='word_1_201' title='bbox 1027 2512 1072 2574; x_wconf 84' lang='lat' dir='ltr'>Xt,</span> <span class='ocrx_word' id='word_1_202' title='bbox 1089 2513 1130 2563; x_wconf 71' lang='lat'>14·</span> <span class='ocrx_word' id='word_1_203' title='bbox 1145 2511 1209 2563; x_wconf 68' lang='lat' dir='ltr'>‹tus-</span> 
     </span>
     <span class='ocr_line' id='line_1_23' title="bbox 163 2589 1208 2668; baseline -0.003 -19"><span class='ocrx_word' id='word_1_204' title='bbox 163 2601 285 2649; x_wconf 86' lang='grc' dir='ltr'><em>στασθαι</em></span> <span class='ocrx_word' id='word_1_205' title='bbox 298 2596 435 2663; x_wconf 72' lang='grc' dir='ltr'><em>εἴθισμαι,</em></span> <span class='ocrx_word' id='word_1_206' title='bbox 452 2589 516 2661; x_wconf 74' lang='grc' dir='ltr'><em>ἡνίκ’</em></span> <span class='ocrx_word' id='word_1_207' title='bbox 533 2593 567 2647; x_wconf 75' lang='lat' dir='ltr'>dr</span> <span class='ocrx_word' id='word_1_208' title='bbox 582 2596 622 2646; x_wconf 71' lang='grc' dir='ltr'><em>ἔτι</em></span> <span class='ocrx_word' id='word_1_209' title='bbox 638 2595 711 2647; x_wconf 71' lang='grc' dir='ltr'><em>ἔνδον</em></span> <span class='ocrx_word' id='word_1_210' title='bbox 729 2595 965 2668; x_wconf 78' lang='grc' dir='ltr'><em>καταλαμβάνοιμι.</em></span> <span class='ocrx_word' id='word_1_211' title='bbox 997 2599 1086 2649; x_wconf 84' lang='lat' dir='ltr'>Bremi</span> <span class='ocrx_word' id='word_1_212' title='bbox 1105 2608 1208 2662; x_wconf 83' lang='lat' dir='ltr'>monet,</span> 
     </span>
     <span class='ocr_line' id='line_1_24' title="bbox 77 2674 1205 2754; baseline 0.002 -21"><span class='ocrx_word' id='word_1_213' title='bbox 77 2674 80 2679; x_wconf 48' lang='lat'>¹</span> <span class='ocrx_word' id='word_1_214' title='bbox 163 2685 313 2749; x_wconf 82' lang='lat' dir='ltr'>optativum</span> <span class='ocrx_word' id='word_1_215' title='bbox 335 2681 473 2754; x_wconf 85' lang='lat' dir='ltr'>egregium</span> <span class='ocrx_word' id='word_1_216' title='bbox 499 2698 554 2731; x_wconf 88' lang='lat' dir='ltr'>esse</span> <span class='ocrx_word' id='word_1_217' title='bbox 578 2680 611 2731; x_wconf 80' lang='lat' dir='ltr'>ed</span> <span class='ocrx_word' id='word_1_218' title='bbox 630 2679 780 2732; x_wconf 79' lang='lat' dir='ltr'>irridendos</span> <span class='ocrx_word' id='word_1_219' title='bbox 797 2683 982 2736; x_wconf 81' lang='lat' dir='ltr'>Athenienses·</span> <span class='ocrx_word' id='word_1_220' title='bbox 1014 2684 1049 2735; x_wconf 80' lang='lat' dir='ltr'>At</span> <span class='ocrx_word' id='word_1_221' title='bbox 1064 2685 1151 2735; x_wconf 87' lang='lat' dir='ltr'>irrisio</span> <span class='ocrx_word' id='word_1_222' title='bbox 1168 2685 1205 2735; x_wconf 81' lang='lat' dir='ltr'>eb</span> 
     </span>
     <span class='ocr_line' id='line_1_25' title="bbox 67 2767 825 2828; baseline 0 -7"><span class='ocrx_word' id='word_1_223' title='bbox 67 2776 69 2781; x_wconf 90' lang='lat'>&#39;</span> <span class='ocrx_word' id='word_1_224' title='bbox 164 2767 295 2821; x_wconf 81' lang='lat' dir='ltr'>hocloco</span> <span class='ocrx_word' id='word_1_225' title='bbox 315 2767 400 2817; x_wconf 80' lang='lat' dir='ltr'>eliens</span> <span class='ocrx_word' id='word_1_226' title='bbox 419 2779 473 2828; x_wconf 79' lang='lat' dir='ltr'>ert3</span> <span class='ocrx_word' id='word_1_227' title='bbox 491 2768 569 2818; x_wconf 80' lang='lat' dir='ltr'>Deru.</span> <span class='ocrx_word' id='word_1_228' title='bbox 588 2771 683 2819; x_wconf 87' lang='lat' dir='ltr'>metuit</span> <span class='ocrx_word' id='word_1_229' title='bbox 701 2782 727 2818; x_wconf 86' lang='lat' dir='ltr'>et</span> <span class='ocrx_word' id='word_1_230' title='bbox 743 2782 825 2821; x_wconf 82' lang='lat' dir='ltr'>cavet.</span> 
     </span>
    </p>

    <p class='ocr_par' dir='ltr' id='par_1_7' title="bbox 155 2847 1234 4388">
     <span class='ocr_line' id='line_1_26' title="bbox 223 2847 1204 2927; baseline 0.001 -20"><span class='ocrx_word' id='word_1_231' title='bbox 223 2853 256 2923; x_wconf 80' lang='lat'>§.</span> <span class='ocrx_word' id='word_1_232' title='bbox 273 2855 299 2907; x_wconf 89' lang='grc'>5.</span> <span class='ocrx_word' id='word_1_233' title='bbox 324 2848 438 2927; x_wconf 79' lang='grc' dir='ltr'>Ἡμιῑς.</span> <span class='ocrx_word' id='word_1_234' title='bbox 454 2853 536 2920; x_wconf 87' lang='lat' dir='ltr'>Vulg.</span> <span class='ocrx_word' id='word_1_235' title='bbox 553 2847 636 2923; x_wconf 68' lang='grc' dir='ltr'><em>ὑμᾶς,</em></span> <span class='ocrx_word' id='word_1_236' title='bbox 654 2855 681 2905; x_wconf 88' lang='lat' dir='ltr'>in</span> <span class='ocrx_word' id='word_1_237' title='bbox 705 2855 761 2909; x_wconf 82' lang='lat' dir='ltr'>Per.</span> <span class='ocrx_word' id='word_1_238' title='bbox 781 2854 807 2906; x_wconf 91' lang='grc'>5.</span> <span class='ocrx_word' id='word_1_239' title='bbox 823 2853 936 2904; x_wconf 85' lang='lat' dir='ltr'>Meerm.</span> <span class='ocrx_word' id='word_1_240' title='bbox 956 2866 994 2903; x_wconf 91' lang='lat' dir='ltr'>est</span> <span class='ocrx_word' id='word_1_241' title='bbox 1009 2847 1080 2920; x_wconf 73' lang='grc' dir='ltr'>ἡμᾶς</span> <span class='ocrx_word' id='word_1_242' title='bbox 1094 2856 1163 2921; x_wconf 80' lang='lat' dir='ltr'>Aug.</span> <span class='ocrx_word' id='word_1_243' title='bbox 1175 2851 1204 2909; x_wconf 87' lang='grc'>5.</span> 
     </span>
     <span class='ocr_line' id='line_1_27' title="bbox 162 2937 1204 3009; baseline -0.002 -15"><span class='ocrx_word' id='word_1_244' title='bbox 162 2937 247 2994; x_wconf 80' lang='grc' dir='ltr'><em>ταῦτα</em></span> <span class='ocrx_word' id='word_1_245' title='bbox 269 2937 351 3008; x_wconf 74' lang='grc' dir='ltr'><em>ὑμᾶς,</em></span> <span class='ocrx_word' id='word_1_246' title='bbox 379 2944 408 2992; x_wconf 87' lang='lat' dir='ltr'>in</span> <span class='ocrx_word' id='word_1_247' title='bbox 425 2937 521 2991; x_wconf 46' lang='lat' dir='ltr'>reond.</span> <span class='ocrx_word' id='word_1_248' title='bbox 544 2958 561 2991; x_wconf 90' lang='grc' dir='ltr'><em>α</em></span> <span class='ocrx_word' id='word_1_249' title='bbox 580 2941 641 3009; x_wconf 80' lang='grc' dir='ltr'>ειβ</span> <span class='ocrx_word' id='word_1_250' title='bbox 665 2939 751 3005; x_wconf 84' lang='lat' dir='ltr'>deest,</span> <span class='ocrx_word' id='word_1_251' title='bbox 776 2941 804 2992; x_wconf 87' lang='lat' dir='ltr'>in</span> <span class='ocrx_word' id='word_1_252' title='bbox 822 2941 922 2991; x_wconf 84' lang='lat' dir='ltr'>Harrie.</span> <span class='ocrx_word' id='word_1_253' title='bbox 939 2952 964 2990; x_wconf 88' lang='lat' dir='ltr'>et</span> <span class='ocrx_word' id='word_1_254' title='bbox 978 2941 1051 2990; x_wconf 82' lang='lat' dir='ltr'>Harl.</span> <span class='ocrx_word' id='word_1_255' title='bbox 1068 2958 1120 2991; x_wconf 81' lang='lat' dir='ltr'>nna</span> <span class='ocrx_word' id='word_1_256' title='bbox 1138 2958 1204 2992; x_wconf 84' lang='lat' dir='ltr'>cum</span> 
     </span>
     <span class='ocr_line' id='line_1_28' title="bbox 162 3022 1206 3095; baseline -0.001 -15"><span class='ocrx_word' id='word_1_257' title='bbox 162 3026 254 3080; x_wconf 79' lang='grc' dir='ltr'><em>ταῦτα.</em></span> <span class='ocrx_word' id='word_1_258' title='bbox 277 3024 375 3090; x_wconf 65' lang='lat' dir='ltr'>Bell„</span> <span class='ocrx_word' id='word_1_259' title='bbox 394 3025 441 3093; x_wconf 85' lang='lat' dir='ltr'>qni</span> <span class='ocrx_word' id='word_1_260' title='bbox 459 3044 544 3095; x_wconf 85' lang='lat' dir='ltr'>nuper</span> <span class='ocrx_word' id='word_1_261' title='bbox 561 3029 666 3089; x_wconf 90' lang='lat' dir='ltr'>omisit,</span> <span class='ocrx_word' id='word_1_262' title='bbox 684 3026 835 3094; x_wconf 79' lang='lat' dir='ltr'>nuperrime</span> <span class='ocrx_word' id='word_1_263' title='bbox 854 3023 914 3075; x_wconf 87' lang='lat' dir='ltr'>ded.</span> <span class='ocrx_word' id='word_1_264' title='bbox 933 3022 1019 3094; x_wconf 75' lang='grc' dir='ltr'><em>ἡμᾶς,</em></span> <span class='ocrx_word' id='word_1_265' title='bbox 1037 3026 1108 3094; x_wconf 87' lang='lat' dir='ltr'>qnod</span> <span class='ocrx_word' id='word_1_266' title='bbox 1126 3024 1206 3079; x_wconf 82' lang='grc' dir='ltr'><em>δατε-</em></span> 
     </span>
     <span class='ocr_line' id='line_1_29' title="bbox 162 3111 1207 3182; baseline 0.002 -18"><span class='ocrx_word' id='word_1_267' title='bbox 162 3113 268 3182; x_wconf 78' lang='grc' dir='ltr'><em>ριοδμεν</em></span> <span class='ocrx_word' id='word_1_268' title='bbox 286 3117 407 3178; x_wconf 84' lang='lat' dir='ltr'>requirit.</span> <span class='ocrx_word' id='word_1_269' title='bbox 440 3113 500 3164; x_wconf 78' lang='lat' dir='ltr'>Alis</span> <span class='ocrx_word' id='word_1_270' title='bbox 518 3116 587 3164; x_wconf 81' lang='lat' dir='ltr'>ratio</span> <span class='ocrx_word' id='word_1_271' title='bbox 605 3123 644 3163; x_wconf 84' lang='lat' dir='ltr'>est</span> <span class='ocrx_word' id='word_1_272' title='bbox 662 3115 715 3162; x_wconf 91' lang='lat' dir='ltr'>loci</span> <span class='ocrx_word' id='word_1_273' title='bbox 733 3111 767 3162; x_wconf 86' lang='lat' dir='ltr'>de</span> <span class='ocrx_word' id='word_1_274' title='bbox 787 3111 913 3162; x_wconf 87' lang='lat' dir='ltr'>Cherson.</span> <span class='ocrx_word' id='word_1_275' title='bbox 933 3111 1002 3173; x_wconf 81' lang='lat'><strong>11‚4</strong></span> <span class='ocrx_word' id='word_1_276' title='bbox 1022 3112 1093 3179; x_wconf 75' lang='grc' dir='ltr'><em>(τοι,</em></span> <span class='ocrx_word' id='word_1_277' title='bbox 1108 3129 1138 3163; x_wconf 85' lang='lat'>12</span> <span class='ocrx_word' id='word_1_278' title='bbox 1152 3115 1207 3177; x_wconf 59' lang='lat' dir='ltr'>ll.)-</span> 
     </span>
     <span class='ocr_line' id='line_1_30' title="bbox 161 3197 1234 3267; baseline 0.003 -19"><span class='ocrx_word' id='word_1_279' title='bbox 161 3199 356 3264; x_wconf 75' lang='grc' dir='ltr'><em>Βοάθειαι,</em></span> <span class='ocrx_word' id='word_1_280' title='bbox 373 3197 479 3264; x_wconf 79' lang='lat' dir='ltr'>copiae,</span> <span class='ocrx_word' id='word_1_281' title='bbox 506 3213 589 3263; x_wconf 82' lang='lat' dir='ltr'>qnae,</span> <span class='ocrx_word' id='word_1_282' title='bbox 615 3200 638 3247; x_wconf 89' lang='lat' dir='ltr'>si</span> <span class='ocrx_word' id='word_1_283' title='bbox 658 3197 765 3263; x_wconf 80' lang='lat' dir='ltr'>quando</span> <span class='ocrx_word' id='word_1_284' title='bbox 788 3211 850 3247; x_wconf 83' lang='lat' dir='ltr'>usus</span> <span class='ocrx_word' id='word_1_285' title='bbox 875 3209 925 3260; x_wconf 88' lang='lat' dir='ltr'>est,</span> <span class='ocrx_word' id='word_1_286' title='bbox 949 3211 1092 3264; x_wconf 80' lang='lat' dir='ltr'>coguntur,</span> <span class='ocrx_word' id='word_1_287' title='bbox 1110 3212 1202 3267; x_wconf 81' lang='lat' dir='ltr'>postes</span> <span class='ocrx_word' id='word_1_288' title='bbox 1229 3244 1234 3251; x_wconf 92' lang='lat'><em>.</em></span> 
     </span>
     <span class='ocr_line' id='line_1_31' title="bbox 163 3282 1203 3352; baseline 0.003 -19"><span class='ocrx_word' id='word_1_289' title='bbox 163 3283 350 3347; x_wconf 80' lang='lat' dir='ltr'>dimittuntnr3</span> <span class='ocrx_word' id='word_1_290' title='bbox 386 3287 415 3335; x_wconf 90' lang='lat' dir='ltr'>in</span> <span class='ocrx_word' id='word_1_291' title='bbox 442 3282 521 3339; x_wconf 81' lang='lat' dir='ltr'>Bell.</span> <span class='ocrx_word' id='word_1_292' title='bbox 544 3283 647 3352; x_wconf 69' lang='lat' dir='ltr'>dnecd.</span> <span class='ocrx_word' id='word_1_293' title='bbox 669 3301 697 3350; x_wconf 83' lang='lat' dir='ltr'>p.</span> <span class='ocrx_word' id='word_1_294' title='bbox 708 3299 767 3333; x_wconf 83' lang='lat'><em>222.</em></span> <span class='ocrx_word' id='word_1_295' title='bbox 788 3285 900 3348; x_wconf 68' lang='grc' dir='ltr'><em>βοηθεῖν</em></span> <span class='ocrx_word' id='word_1_296' title='bbox 922 3284 958 3332; x_wconf 85' lang='lat' dir='ltr'>ita</span> <span class='ocrx_word' id='word_1_297' title='bbox 981 3286 1139 3351; x_wconf 79' lang='lat' dir='ltr'>explicatnrt</span> <span class='ocrx_word' id='word_1_298' title='bbox 1160 3282 1203 3336; x_wconf 83' lang='grc' dir='ltr'><em>’τὸ</em></span> 
     </span>
     <span class='ocr_line' id='line_1_32' title="bbox 161 3363 1205 3439; baseline 0.004 -19"><span class='ocrx_word' id='word_1_299' title='bbox 161 3365 216 3438; x_wconf 80' lang='grc' dir='ltr'><em>ἅμα</em></span> <span class='ocrx_word' id='word_1_300' title='bbox 239 3371 275 3435; x_wconf 79' lang='grc' dir='ltr'><em>τῷ</em></span> <span class='ocrx_word' id='word_1_301' title='bbox 302 3369 443 3422; x_wconf 69' lang='grc' dir='ltr'>πυθέσθαι</span> <span class='ocrx_word' id='word_1_302' title='bbox 466 3367 514 3435; x_wconf 73' lang='grc' dir='ltr'>τὴν</span> <span class='ocrx_word' id='word_1_303' title='bbox 535 3367 631 3439; x_wconf 69' lang='grc' dir='ltr'><em>ἔφοδον</em></span> <span class='ocrx_word' id='word_1_304' title='bbox 654 3367 706 3420; x_wconf 78' lang='grc' dir='ltr'>τῶν</span> <span class='ocrx_word' id='word_1_305' title='bbox 727 3369 857 3435; x_wconf 80' lang='grc' dir='ltr'><em>πολεμίων</em></span> <span class='ocrx_word' id='word_1_306' title='bbox 882 3367 1018 3437; x_wconf 71' lang='grc' dir='ltr'><em>ἐκδραμεῖν</em></span> <span class='ocrx_word' id='word_1_307' title='bbox 1036 3367 1096 3422; x_wconf 64' lang='grc' dir='ltr'><em>κατ’.</em></span> <span class='ocrx_word' id='word_1_308' title='bbox 1109 3363 1205 3424; x_wconf 73' lang='grc' dir='ltr'><em>αὐτῶν.</em></span> 
     </span>
     <span class='ocr_line' id='line_1_33' title="bbox 161 3449 1202 3522; baseline 0.004 -17"><span class='ocrx_word' id='word_1_309' title='bbox 161 3449 368 3507; x_wconf 80' lang='grc' dir='ltr'><em>-ἱιπάντων</em></span> <span class='ocrx_word' id='word_1_310' title='bbox 391 3457 408 3510; x_wconf 85' lang='lat' dir='ltr'>i.</span> <span class='ocrx_word' id='word_1_311' title='bbox 429 3471 452 3507; x_wconf 82' lang='lat' dir='ltr'>e.</span> <span class='ocrx_word' id='word_1_312' title='bbox 476 3457 644 3522; x_wconf 80' lang='lat' dir='ltr'>negligemus</span> <span class='ocrx_word' id='word_1_313' title='bbox 671 3470 765 3505; x_wconf 83' lang='lat' dir='ltr'>omnes</span> <span class='ocrx_word' id='word_1_314' title='bbox 791 3456 949 3506; x_wconf 80' lang='lat' dir='ltr'>occasiones.</span> <span class='ocrx_word' id='word_1_315' title='bbox 971 3453 1059 3518; x_wconf 82' lang='lat' dir='ltr'>Xl,1.</span> <span class='ocrx_word' id='word_1_316' title='bbox 1081 3456 1154 3520; x_wconf 83' lang='grc' dir='ltr'>ΧΙΙΙ,</span> <span class='ocrx_word' id='word_1_317' title='bbox 1176 3450 1202 3514; x_wconf 85' lang='lat'>1.⁸</span> 
     </span>
     <span class='ocr_line' id='line_1_34' title="bbox 162 3526 1218 3610; baseline 0.004 -21"><span class='ocrx_word' id='word_1_318' title='bbox 162 3537 276 3607; x_wconf 76' lang='lat' dir='ltr'>Olyntb.</span> <span class='ocrx_word' id='word_1_319' title='bbox 298 3541 319 3605; x_wconf 85' lang='lat'>1,</span> <span class='ocrx_word' id='word_1_320' title='bbox 344 3555 367 3605; x_wconf 88' lang='lat'>1,</span> <span class='ocrx_word' id='word_1_321' title='bbox 386 3558 413 3592; x_wconf 83' lang='lat'>2.</span> <span class='ocrx_word' id='word_1_322' title='bbox 436 3570 468 3582; x_wconf 85' lang='lat'>-·</span> <span class='ocrx_word' id='word_1_323' title='bbox 494 3537 641 3610; x_wconf 76' lang='grc' dir='ltr'><em>ὑπάρχει</em></span> <span class='ocrx_word' id='word_1_324' title='bbox 662 3564 698 3578; x_wconf 87' lang='lat'><em>-</em></span> <span class='ocrx_word' id='word_1_325' title='bbox 721 3539 761 3609; x_wconf 81' lang='grc' dir='ltr'><em>τῇ</em></span> <span class='ocrx_word' id='word_1_326' title='bbox 788 3533 950 3609; x_wconf 77' lang='grc' dir='ltr'><em>δυνάμει,</em></span> <span class='ocrx_word' id='word_1_327' title='bbox 979 3543 1041 3594; x_wconf 87' lang='lat' dir='ltr'>licet</span> <span class='ocrx_word' id='word_1_328' title='bbox 1068 3543 1143 3594; x_wconf 81' lang='lat' dir='ltr'>vobis</span> <span class='ocrx_word' id='word_1_329' title='bbox 1161 3526 1218 3601; x_wconf 76' lang='lat' dir='ltr'>nti,</span> 
     </span>
     <span class='ocr_line' id='line_1_35' title="bbox 160 3625 1199 3694; baseline 0.003 -17"><span class='ocrx_word' id='word_1_330' title='bbox 160 3625 280 3690; x_wconf 88' lang='lat' dir='ltr'>Lemno,</span> <span class='ocrx_word' id='word_1_331' title='bbox 311 3644 365 3693; x_wconf 91' lang='lat' dir='ltr'>quo</span> <span class='ocrx_word' id='word_1_332' title='bbox 388 3640 487 3680; x_wconf 80' lang='lat' dir='ltr'>restrae</span> <span class='ocrx_word' id='word_1_333' title='bbox 508 3630 600 3694; x_wconf 82' lang='lat' dir='ltr'>copiae</span> <span class='ocrx_word' id='word_1_334' title='bbox 623 3627 759 3690; x_wconf 75' lang='lat' dir='ltr'>biement3</span> <span class='ocrx_word' id='word_1_335' title='bbox 781 3643 846 3691; x_wconf 78' lang='lat' dir='ltr'>quae</span> <span class='ocrx_word' id='word_1_336' title='bbox 866 3631 987 3678; x_wconf 78' lang='lat' dir='ltr'>nominat</span> <span class='ocrx_word' id='word_1_337' title='bbox 1002 3630 1102 3680; x_wconf 78' lang='lat' dir='ltr'>insulas</span> <span class='ocrx_word' id='word_1_338' title='bbox 1118 3631 1199 3680; x_wconf 80' lang='lat' dir='ltr'>maris</span> 
     </span>
     <span class='ocr_line' id='line_1_36' title="bbox 160 3712 1202 3781; baseline 0.001 -18"><span class='ocrx_word' id='word_1_339' title='bbox 160 3712 275 3778; x_wconf 79' lang='lat' dir='ltr'>Aegaei,</span> <span class='ocrx_word' id='word_1_340' title='bbox 301 3713 503 3766; x_wconf 84' lang='lat' dir='ltr'>Atheniensibus</span> <span class='ocrx_word' id='word_1_341' title='bbox 527 3713 648 3764; x_wconf 77' lang='lat' dir='ltr'>subditae</span> <span class='ocrx_word' id='word_1_342' title='bbox 668 3725 751 3764; x_wconf 80' lang='lat' dir='ltr'>erent.</span> <span class='ocrx_word' id='word_1_343' title='bbox 785 3712 881 3764; x_wconf 77' lang='lat' dir='ltr'>Paullo</span> <span class='ocrx_word' id='word_1_344' title='bbox 899 3728 958 3780; x_wconf 78' lang='lat' dir='ltr'>poet</span> <span class='ocrx_word' id='word_1_345' title='bbox 977 3727 1036 3764; x_wconf 77' lang='lat' dir='ltr'>ante</span> <span class='ocrx_word' id='word_1_346' title='bbox 1053 3721 1113 3772; x_wconf 80' lang='grc' dir='ltr'><em>ταῖς</em></span> <span class='ocrx_word' id='word_1_347' title='bbox 1128 3717 1202 3781; x_wconf 78' lang='lat' dir='ltr'>vulg.</span> 
     </span>
     <span class='ocr_line' id='line_1_37' title="bbox 160 3796 1199 3869; baseline 0 -19"><span class='ocrx_word' id='word_1_348' title='bbox 160 3803 219 3856; x_wconf 77' lang='grc' dir='ltr'><em>ταῖς</em></span> <span class='ocrx_word' id='word_1_349' title='bbox 235 3796 333 3857; x_wconf 69' lang='lat' dir='ltr'>dilate.</span> <span class='ocrx_word' id='word_1_350' title='bbox 367 3800 442 3867; x_wconf 80' lang='lat' dir='ltr'>Quae</span> <span class='ocrx_word' id='word_1_351' title='bbox 463 3817 540 3850; x_wconf 85' lang='lat' dir='ltr'>voces</span> <span class='ocrx_word' id='word_1_352' title='bbox 562 3818 646 3866; x_wconf 90' lang='lat' dir='ltr'>quum</span> <span class='ocrx_word' id='word_1_353' title='bbox 666 3817 719 3851; x_wconf 92' lang='lat' dir='ltr'>nou</span> <span class='ocrx_word' id='word_1_354' title='bbox 740 3800 864 3863; x_wconf 79' lang='lat' dir='ltr'>legentur</span> <span class='ocrx_word' id='word_1_355' title='bbox 878 3802 904 3851; x_wconf 90' lang='lat' dir='ltr'>in</span> <span class='ocrx_word' id='word_1_356' title='bbox 925 3800 983 3853; x_wconf 82' lang='lat' dir='ltr'>Par.</span> <span class='ocrx_word' id='word_1_357' title='bbox 1002 3798 1027 3852; x_wconf 84' lang='lat'>5.</span> <span class='ocrx_word' id='word_1_358' title='bbox 1043 3818 1068 3869; x_wconf 85' lang='lat'>7.</span> <span class='ocrx_word' id='word_1_359' title='bbox 1089 3801 1115 3851; x_wconf 80' lang='lat'>8.</span> <span class='ocrx_word' id='word_1_360' title='bbox 1131 3800 1199 3858; x_wconf 78' lang='lat' dir='ltr'>Aut.</span> 
     </span>
     <span class='ocr_line' id='line_1_38' title="bbox 160 3885 1201 3956; baseline 0.001 -19"><span class='ocrx_word' id='word_1_361' title='bbox 160 3886 237 3953; x_wconf 82' lang='lat' dir='ltr'>Tsyl.</span> <span class='ocrx_word' id='word_1_362' title='bbox 252 3888 325 3937; x_wconf 82' lang='lat' dir='ltr'>Harl.</span> <span class='ocrx_word' id='word_1_363' title='bbox 337 3887 406 3952; x_wconf 86' lang='lat' dir='ltr'>Aug.</span> <span class='ocrx_word' id='word_1_364' title='bbox 428 3902 450 3941; x_wconf 92' lang='lat'>1.</span> <span class='ocrx_word' id='word_1_365' title='bbox 466 3904 489 3936; x_wconf 88' lang='lat'>2.</span> <span class='ocrx_word' id='word_1_366' title='bbox 506 3887 577 3949; x_wconf 66' lang='lat' dir='ltr'>Bau,</span> <span class='ocrx_word' id='word_1_367' title='bbox 595 3888 622 3936; x_wconf 90' lang='lat' dir='ltr'>in</span> <span class='ocrx_word' id='word_1_368' title='bbox 636 3885 709 3953; x_wconf 77' lang='lat' dir='ltr'>enjue</span> <span class='ocrx_word' id='word_1_369' title='bbox 726 3886 846 3950; x_wconf 78' lang='lat' dir='ltr'>margine</span> <span class='ocrx_word' id='word_1_370' title='bbox 865 3886 994 3951; x_wconf 80' lang='lat' dir='ltr'>adscripta</span> <span class='ocrx_word' id='word_1_371' title='bbox 1010 3899 1092 3950; x_wconf 83' lang='lat' dir='ltr'>erant,</span> <span class='ocrx_word' id='word_1_372' title='bbox 1112 3905 1201 3956; x_wconf 74' lang='lat' dir='ltr'>neque</span> 
     </span>
     <span class='ocr_line' id='line_1_39' title="bbox 160 3970 1228 4046; baseline -0.001 -22"><span class='ocrx_word' id='word_1_373' title='bbox 160 3972 188 4024; x_wconf 82' lang='lat' dir='ltr'>iu</span> <span class='ocrx_word' id='word_1_374' title='bbox 203 3973 296 4025; x_wconf 88' lang='lat' dir='ltr'>Dresd.</span> <span class='ocrx_word' id='word_1_375' title='bbox 310 3991 336 4023; x_wconf 87' lang='grc' dir='ltr'>α.</span> <span class='ocrx_word' id='word_1_376' title='bbox 349 3982 372 4023; x_wconf 80' lang='lat' dir='ltr'>et</span> <span class='ocrx_word' id='word_1_377' title='bbox 386 3975 412 4038; x_wconf 78' lang='grc' dir='ltr'><strong>β.</strong></span> <span class='ocrx_word' id='word_1_378' title='bbox 427 3972 498 4040; x_wconf 82' lang='lat' dir='ltr'>opud</span> <span class='ocrx_word' id='word_1_379' title='bbox 513 3970 595 4024; x_wconf 80' lang='lat' dir='ltr'>Bell.</span> <span class='ocrx_word' id='word_1_380' title='bbox 609 3984 713 4046; x_wconf 78' lang='lat' dir='ltr'>tantum</span> <span class='ocrx_word' id='word_1_381' title='bbox 726 3973 753 4021; x_wconf 87' lang='lat' dir='ltr'>in</span> <span class='ocrx_word' id='word_1_382' title='bbox 773 3972 851 4023; x_wconf 77' lang='grc' dir='ltr'><em>Ωον</em></span> <span class='ocrx_word' id='word_1_383' title='bbox 866 3989 927 4024; x_wconf 87' lang='lat' dir='ltr'>cnm</span> <span class='ocrx_word' id='word_1_384' title='bbox 941 3974 993 4022; x_wconf 86' lang='lat' dir='ltr'>hoe</span> <span class='ocrx_word' id='word_1_385' title='bbox 1007 3971 1108 4022; x_wconf 79' lang='lat' dir='ltr'>editore</span> <span class='ocrx_word' id='word_1_386' title='bbox 1119 3972 1199 4040; x_wconf 67' lang='lat' dir='ltr'>ejeeip</span> <span class='ocrx_word' id='word_1_387' title='bbox 1225 3990 1228 3997; x_wconf 94' lang='lat'>·</span> 
     </span>
     <span class='ocr_line' id='line_1_40' title="bbox 159 4055 1198 4127; baseline 0.001 -19"><span class='ocrx_word' id='word_1_388' title='bbox 159 4071 266 4127; x_wconf 82' lang='lat' dir='ltr'>propter</span> <span class='ocrx_word' id='word_1_389' title='bbox 290 4060 317 4108; x_wconf 71' lang='grc' dir='ltr'><em>ἐν</em></span> <span class='ocrx_word' id='word_1_390' title='bbox 339 4055 426 4124; x_wconf 78' lang='grc' dir='ltr'><em>τούτῳ</em></span> <span class='ocrx_word' id='word_1_391' title='bbox 453 4057 491 4125; x_wconf 79' lang='grc' dir='ltr'><em>τρῖ</em></span> <span class='ocrx_word' id='word_1_392' title='bbox 513 4056 583 4124; x_wconf 83' lang='grc' dir='ltr'><em>τὸπιρ</em></span> <span class='ocrx_word' id='word_1_393' title='bbox 610 4061 757 4123; x_wconf 82' lang='lat' dir='ltr'>superfluae</span> <span class='ocrx_word' id='word_1_394' title='bbox 780 4057 913 4113; x_wconf 77' lang='lat' dir='ltr'>ridentur.</span> <span class='ocrx_word' id='word_1_395' title='bbox 951 4058 982 4108; x_wconf 91' lang='lat' dir='ltr'>ln</span> <span class='ocrx_word' id='word_1_396' title='bbox 1005 4059 1100 4108; x_wconf 88' lang='lat' dir='ltr'>iisdem</span> <span class='ocrx_word' id='word_1_397' title='bbox 1119 4058 1198 4109; x_wconf 85' lang='lat' dir='ltr'>codd·</span> 
     </span>
     <span class='ocr_line' id='line_1_41' title="bbox 159 4141 1199 4215; baseline -0.002 -19"><span class='ocrx_word' id='word_1_398' title='bbox 159 4141 352 4215; x_wconf 77' lang='grc' dir='ltr'><em>στρατεύμασι,</em></span> <span class='ocrx_word' id='word_1_399' title='bbox 381 4148 409 4197; x_wconf 90' lang='lat' dir='ltr'>in</span> <span class='ocrx_word' id='word_1_400' title='bbox 428 4148 519 4197; x_wconf 83' lang='lat' dir='ltr'>ceteris</span> <span class='ocrx_word' id='word_1_401' title='bbox 538 4142 723 4213; x_wconf 79' lang='grc' dir='ltr'><em>στρατεύματι,</em></span> <span class='ocrx_word' id='word_1_402' title='bbox 748 4142 810 4209; x_wconf 74' lang='lat' dir='ltr'>hine</span> <span class='ocrx_word' id='word_1_403' title='bbox 829 4146 956 4211; x_wconf 79' lang='lat' dir='ltr'>praetuli,</span> <span class='ocrx_word' id='word_1_404' title='bbox 975 4146 1003 4198; x_wconf 85' lang='lat' dir='ltr'>it.</span> <span class='ocrx_word' id='word_1_405' title='bbox 1022 4145 1153 4210; x_wconf 86' lang='lat' dir='ltr'>Forbiger</span> <span class='ocrx_word' id='word_1_406' title='bbox 1172 4162 1199 4212; x_wconf 87' lang='lat' dir='ltr'>p.</span> 
     </span>
     <span class='ocr_line' id='line_1_42' title="bbox 161 4224 1204 4302; baseline -0.001 -20"><span class='ocrx_word' id='word_1_407' title='bbox 161 4231 201 4286; x_wconf 80' lang='lat'>15.</span> <span class='ocrx_word' id='word_1_408' title='bbox 224 4237 252 4287; x_wconf 84' lang='lat' dir='ltr'><strong>X</strong></span> <span class='ocrx_word' id='word_1_409' title='bbox 258 4229 295 4302; x_wconf 77' lang='grc' dir='ltr'><strong><em>ρὴ</em></strong></span> <span class='ocrx_word' id='word_1_410' title='bbox 312 4248 374 4282; x_wconf 88' lang='lat' dir='ltr'>enm</span> <span class='ocrx_word' id='word_1_411' title='bbox 391 4231 445 4282; x_wconf 81' lang='lat' dir='ltr'>dst.</span> <span class='ocrx_word' id='word_1_412' title='bbox 462 4243 492 4282; x_wconf 88' lang='lat' dir='ltr'>nt</span> <span class='ocrx_word' id='word_1_413' title='bbox 511 4230 551 4282; x_wconf 81' lang='grc' dir='ltr'>δεῖ</span> <span class='ocrx_word' id='word_1_414' title='bbox 568 4230 615 4289; x_wconf 86' lang='lat' dir='ltr'>Vl,</span> <span class='ocrx_word' id='word_1_415' title='bbox 633 4224 659 4278; x_wconf 89' lang='grc'>5.</span> <span class='ocrx_word' id='word_1_416' title='bbox 674 4226 767 4281; x_wconf 80' lang='lat' dir='ltr'>Mattb.</span> <span class='ocrx_word' id='word_1_417' title='bbox 783 4229 831 4280; x_wconf 89' lang='lat' dir='ltr'>Gr.</span> <span class='ocrx_word' id='word_1_418' title='bbox 850 4231 873 4296; x_wconf 73' lang='lat'>§-</span> <span class='ocrx_word' id='word_1_419' title='bbox 886 4232 984 4298; x_wconf 81' lang='lat'><strong>591,2.</strong></span> <span class='ocrx_word' id='word_1_420' title='bbox 1001 4231 1104 4284; x_wconf 82' lang='lat' dir='ltr'>Schsef.</span> <span class='ocrx_word' id='word_1_421' title='bbox 1115 4226 1204 4300; x_wconf 81' lang='grc' dir='ltr'><em>ὖπάρ-·</em></span> 
     </span>
     <span class='ocr_line' id='line_1_43' title="bbox 155 4311 1203 4388; baseline 0 -21"><span class='ocrx_word' id='word_1_422' title='bbox 155 4333 211 4378; x_wconf 79' lang='grc' dir='ltr'><em>χειν</em></span> <span class='ocrx_word' id='word_1_423' title='bbox 227 4320 351 4388; x_wconf 77' lang='lat' dir='ltr'>supplere</span> <span class='ocrx_word' id='word_1_424' title='bbox 368 4313 450 4380; x_wconf 83' lang='lat' dir='ltr'>jobet.</span> <span class='ocrx_word' id='word_1_425' title='bbox 484 4315 526 4367; x_wconf 83' lang='lat' dir='ltr'>Ad</span> <span class='ocrx_word' id='word_1_426' title='bbox 550 4311 589 4368; x_wconf 84' lang='grc' dir='ltr'><em>τὸ</em></span> <span class='ocrx_word' id='word_1_427' title='bbox 611 4312 679 4366; x_wconf 79' lang='grc' dir='ltr'>τῶν</span> <span class='ocrx_word' id='word_1_428' title='bbox 696 4328 812 4384; x_wconf 85' lang='grc' dir='ltr'><em>πνινμ.</em></span> <span class='ocrx_word' id='word_1_429' title='bbox 833 4318 883 4370; x_wconf 83' lang='lat' dir='ltr'>esr.</span> <span class='ocrx_word' id='word_1_430' title='bbox 910 4316 945 4368; x_wconf 71' lang='lat' dir='ltr'>ad</span> <span class='ocrx_word' id='word_1_431' title='bbox 965 4312 1011 4378; x_wconf 84' lang='lat' dir='ltr'>IV,</span> <span class='ocrx_word' id='word_1_432' title='bbox 1022 4320 1100 4368; x_wconf 60' lang='lat'>3.-⁴</span> <span class='ocrx_word' id='word_1_433' title='bbox 1118 4312 1203 4386; x_wconf 77' lang='grc' dir='ltr'><em>πρὸς</em></span> 
     </span>
    </p>
   </div>
   <div class='ocr_carea' id='block_1_7' title="bbox 0 0 1332 4980">
    <p class='ocr_par' dir='ltr' id='par_1_8' title="bbox 0 0 1332 4980">
     <span class='ocr_line' id='line_1_44' title="bbox 0 0 1332 4980; baseline 0 2"><span class='ocrx_word' id='word_1_434' title='bbox 0 0 1332 4980; x_wconf 95' lang='lat' dir='ltr'> </span> 
     </span>
    </p>
   </div>
  </div>
 </body>
</html>
