2656 4980
148 358 221 423 ιιι
378 290 963 413 connuurlanssroa
1072 396 1080 408 .

57 586 60 593 ,
149 516 191 581 ab
214 512 265 579 his
284 516 462 601 repetitum
488 530 611 573 ιιιιιι
592 504 715 573 lesch.
737 506 769 573 d.
787 505 809 573 f.
826 507 888 596 leg.
913 529 946 595 p.
963 507 1047 575 212.
1070 509 1169 577 diserte
1204 540 1210 551 ·

147 617 262 696 tradit,
288 638 366 681 eum
387 620 424 678 in
447 613 644 678 Macedonia
669 610 768 677 fuisse
783 634 888 699 quum
904 622 999 700 pater
1017 612 1169 679 decederet

147 721 202 789 Ol.
221 720 305 799 102,
325 719 360 785 3.
402 717 477 782 Jam
501 739 605 805 quum
632 714 806 803 Pelopidas
830 714 886 780 Ol
906 714 989 797 102,
1006 716 1040 782 4
1065 718 1167 783 anxiis

146 823 330 903 Thessalis,
357 845 441 909 quos
462 820 604 885 Macedo
620 823 890 906 impugnaverat,
914 817 1056 900 lato,1n
1073 820 1167 886 Mace·

71 952 75 965 ·
146 928 280 994 doniam
308 929 456 990 irruisset
477 936 509 988 ct
532 922 682 1019 obsidem¹
702 927 911 1010 impetrasset
920 971 934 1015 ,Ι
960 922 1123 1013 Philippus
1140 924 1166 987 in

143 1031 245 1117 hujus
264 1029 365 1094 fidem
381 1050 400 1091 a
416 1027 518 1092 fratre
534 1024 731 1090 Alexandro
748 1031 943 1090 commissus
963 1039 1022 1093 est.
1055 1024 1166 1092 Thebas

145 1136 252 1224 quur'n
273 1131 460 1197 deferretur
467 1151 608 1208 ,amms
627 1126 744 1193 habuit
763 1129 1032 1217 quatuorderim,
1056 1128 1165 1217 hicper

144 1241 327 1303 triennium
340 1244 488 1299 moratus
504 1256 548 1296 ex
561 1216 813 1326 Epaminondae
822 1234 1063 1299 consuetudine
1076 1245 1106 1297 et
1117 1256 1164 1296 usa

143 1360 362 1429 permagrmm
387 1341 475 1423 cepit
496 1335 615 1401 utilitat
602 1346 681 1399 t.em
732 1335 806 1400 lam
828 1323 915 1401 male
933 1335 1091 1403 Libanius
1103 1356 1164 1400 cam

143 1442 246 1509 Diod.
268 1441 303 1510 S
327 1437 425 1519 XVI,
449 1439 482 1505 2.
504 1438 621 1518 tradit,
643 1436 853 1527 Philippum,
879 1445 998 1506 nuntio
1022 1440 1060 1505 de
1074 1438 1163 1504 fratris

141 1556 253 1613 morte
275 1553 431 1632 accepto,
458 1541 543 1607 clam
566 1540 700 1607 Thebas
721 1543 892 1631 reliquisse
915 1549 979 1607 et
967 1566 1006 1608 ιιι
1027 1541 1177 1608 Macedo«

141 1655 241 1716 niam.
248 1669 421 1715 reversum
438 1666 527 1726 esse3
550 1668 630 1711 nam
645 1657 778 1710 auctore
794 1644 970 1711 Athenaeo
987 1640 1162 1728 X1,506.t.

50 1824 53 1829 ,
140 1753 237 1819 Plato
258 1750 477 1839 Euphraeum
497 1748 631 1816 Oritem
653 1748 696 1812 ad
718 1748 911 1815 Perdiccam
926 1749 1097 1838 ablegavit,
1118 1747 1162 1836 qui
1197 1816 1200 1821 ,

139 1878 257 1943 regem
292 1863 520 1920 commoveret
546 1845 744 1941 ἀπομερίσαι
771 1847 846 1919 τινὰ
874 1849 987 1944 χώραν
1019 1854 1161 1933 Φιλίππῳ.

140 1956 378 2053 διατρέφωιδ
404 1953 554 2026 ἐνταῦθα
574 1949 736 2044 δύναμιν,
763 1955 807 2034 ὡς
825 1949 978 2027 ἀπέθανε
992 1956 1160 2046 Περδίκκας,

138 2061 176 2144 ἐξ
195 2066 328 2145 ἑτοίμου
347 2061 408 2145 τῆς
422 2050 590 2145 δυνάμεως
603 2051 823 2148 ὑπαρχούσης,
849 2058 982 2128 ἐπέπεσε
998 2072 1067 2138 τοις
1077 2081 1162 2147 ιιριι

137 2187 251 2255 μασιι
303 2163 416 2243 Quare
429 2162 483 2227 hio
499 2161 560 2226 sub
574 2160 667 2227 frat'
626 2173 685 2226 tris
698 2161 868 2226 mortem
859 2187 894 2226 m
908 2162 1099 2229 Macedonia
1111 2156 1161 2227 fuit

138 2279 175 2333 et
190 2288 261 2333 uon
276 2266 414 2330 demum
427 2263 492 2328 hoc
510 2276 645 2330 mortuo
662 2286 680 2328 e
697 2264 836 2330 Boeotia
852 2264 945 2353 fagit.
980 2266 1057 2334 Vid.
1072 2262 1161 2330 Wes-

139 2370 196 2436 sel.
218 2368 259 2432 ad
281 2366 383 2432 Diod.
404 2365 437 2432 S.
461 2364 542 2447 XV,
567 2368 603 2433 2.
628 2363 705 2456 (ed.
727 2366 801 2455 Bip.
827 2368 869 2436 Τ.
885 2368 962 2435 VH.
985 2391 1018 2458 p.
1034 2362 1161 2451 508sq.)

138 2472 251 2559 Vogel
273 2476 310 2536 in
328 2482 399 2536 not.
421 2468 464 2534 ad
491 2473 548 2535 vit.
571 2469 657 2536 Phil.
677 2491 712 2558 p.
725 2469 825 2537 263:
838 2471 969 2541 Weisk.
984 2472 1024 2538 de
1038 2466 1161 2560 hyperb.

137 2575 177 2656 Il,
197 2576 245 2639 12
263 2584 296 2640 et
310 2572 370 2640 26.
384 2604 434 2626 -ι
456 2573 562 2640 Sexto
575 2596 663 2640 anno
677 2585 755 2661 post
767 2570 825 2641 01.
845 2576 929 2657 105,
949 2576 980 2642 1.
1007 2574 1161 2661 Philippus

138 2701 244 2769 quum
268 2680 381 2764 ageret
405 2699 532 2744 annum
553 2682 748 2745 vicesimum
767 2683 905 2753 tertium
919 2684 1061 2767 suscepit
1071 2683 1163 2763 impc-

136 2787 238 2849 rium.
280 2780 364 2869 ‘Ipso
381 2792 493 2848 autem
510 2781 576 2848 hoc
593 2803 681 2846 anno
700 2782 845 2846 duorum
861 2783 1069 2849 remedorum
1081 2777 1164 2871 subiit

135 2884 312 2953 invidiam:
338 2884 420 2951 alter
440 2884 504 2952 fuit
517 2885 695 2953 Pausanias
709 2888 767 2975 qui
784 2885 930 2951 amultis
944 2889 1040 2953 sociis
1054 2894 1088 2949 et
1098 2900 1166 2968 rego

53 3078 56 3083 Ι
137 2988 302 3055 Thraciae
317 2988 579 3069 sustentabatur,
604 2987 663 3055 sed
678 2987 720 3054 ab
732 2987 786 3055 his
802 2987 977 3055 derelictus
989 3010 1107 3079 parum
1117 3005 1166 3052 ιι-

35 3132 39 3141 ,
136 3093 214 3161 luit:
240 3093 324 3159 alter
337 3088 492 3180 Argaeus
506 3091 621 3159 favore
638 3102 672 3156 et
686 3090 817 3157 auxiliis
833 3115 911 3159 usus
930 3104 980 3158 est
993 3089 1168 3159 Athenien·

136 3200 233 3263 sium.
285 3193 501 3285 Quapropter
522 3193 560 3259 hi
573 3194 737 3261 Martiam
751 3216 830 3261 cum
844 3195 945 3261 classe
958 3195 1045 3279 bene
1056 3200 1169 3261 instru-

134 3311 187 3366 cta
208 3309 242 3365 et
263 3297 371 3363 tribus
393 3298 540 3365 millibus
555 3302 730 3387 copiarum
745 3305 956 3365 terrestrium
970 3303 1007 3365 in
1022 3294 1171 3366 Macedo-

133 3409 226 3471 niam
255 3407 429 3469 miserunt.
486 3400 661 3490 Philippus
686 3423 767 3468 vero
789 3403 978 3489 periculum
1003 3406 1171 3469 imminens

133 3513 179 3573 ita
204 3504 368 3586 defendit,
398 3515 436 3571 ut
458 3502 684 3597 Amphipolin
703 3509 755 3570 sui
776 3505 858 3592 juris
883 3529 953 3572 esse
974 3505 1172 3575 concederet.

133 3610 210 3677 Jam
233 3609 393 3690 Martias,
420 3609 521 3675 classe
545 3608 587 3675 ad
609 3607 810 3676 Medionem
825 3610 980 3699 appulsa,
1007 3608 1175 3698 Argaeum

132 3714 265 3801 Aegas,
290 3711 509 3780 Macedoniae
529 3724 645 3799 caput,
671 3716 857 3799 praemisit,
884 3714 942 3779 sed
962 3714 1083 3778 milites
1097 3714 1173 3799 ejus

108 3841 112 3848 ·
131 3829 182 3883 sat
196 3817 340 3899 timidos,
364 3815 508 3881 Macedo
524 3815 696 3903 adgressus
713 3815 809 3895 fudit,
829 3814 1053 3883 Athenienses
1067 3830 1177 3884 autem

131 3917 301 3985 beneficiis
327 3924 467 3985 ornavit.
494 3918 595 3986 Dem.
618 3924 655 3985 iu
680 3916 846 3985 Aristocr.
869 3919 1005 4009 poto,
1026 3919 1084 3987 13.
1108 3906 1181 3987 Αιὲ

132 4020 235 4087 schin.
254 4023 283 4087 d.
299 4021 322 4088 f.
344 4023 408 4110 leg.
433 4044 466 4110 p.
483 4021 555 4087 212
574 4034 607 4086 et
620 4022 705 4088 213.
724 4021 825 4087 Diod.
842 4021 876 4091 S.
892 4022 990 4105 XVI,
1008 4023 1043 4091 3.

77 4125 80 4131 '
236 4120 288 4192 Ol.
307 4126 391 4207 105,
407 4126 441 4192 2.
465 4125 558 4191 Bello
573 4126 737 4191 Paeonieo
754 4137 788 4190 et
800 4125 933 4214 Illyrico
949 4139 1081 4207 exorte,
1099 4116 1181 4191 Phi-

132 4225 243 4316 lippus
259 4227 455 4296 Paeoniam
477 4241 580 4297 totam
607 4241 641 4295 ot
663 4229 804 4319 illyriae
820 4242 951 4320 partem
968 4236 1005 4297 in
1017 4253 1181 4307 suamre-
