2656 4980
230 396 262 467 x
551 329 925 448 *ununnsnlu

152 624 156 641 ,
234 559 819 639 Goth.et1)reso.enotatam.
879 560 934 632 At
959 580 1075 655 quum
1095 557 1283 634 Reiskius

236 726 397 815 quatuor
406 698 655 810 postremos„
672 723 825 807 praeter
846 702 960 785 Goth.
985 725 1023 787 et
1043 710 1181 797 Dresd.
1204 717 1283 785 iam

238 871 564 956 communicasset,
595 871 725 939 eudem
739 875 916 975 ¹repetere
938 867 1063 954 nolui,
1096 868 1164 937 sod
1185 891 1284 962 quoe

238 1025 286 1097 ab
302 1023 368 1094 illo
378 1021 643 1115 praetermissa
651 1021 836 1119 videbam,
848 992 986 1127 notavi.
1011 1016 1285 1093 Diversitotem

240 1176 380 1282 oodiois
402 1200 444 1274 η,
466 1175 532 1268 qui
552 1183 610 1244 est
631 1173 810 1260 Victorii,
840 1173 952 1266 plane
985 1173 1128 1261 omisi,¹
1147 1175 1284 1268 quippe

231 1309 352 1422 'quam
374 1325 605 1399 a'Voemelio
629 1325 843 1421 nuperrime
868 1334 1040 1395 accurate
1058 1325 1285 1418 descriptam

240 1438 525 1552 inteliexissem
577 1477 746 1572 Namque
767 1487 868 1551 totus
892 1478 954 1548 hio
974 1479 1072 1549 liber
1089 1478 1166 1548 iam
1179 1480 1287 1571 ‚typis

242 1638 446 1742 o'xpnessus
461 1641 553 1720 erat,
578 1633 659 1726 ipse
673 1632 715 1703 in
727 1630 921 1704 Varietate
935 1631 1040 1703 Leet.
1055 1588 1289 1739 enucleanda

240 1788 434 1874 versabor,
451 1807 564 1880 quum
579 1787 765 1856 editiones
779 1784 918 1857 Bnuuu
932 1794 970 1854 et
978 1783 1166 1857 Vouuuuu
1181 1807 1289 1879 egre·

242 1938 346 2034 gius,
375 1959 468 2033 quas
497 1936 600 2007 infra
618 1937 839 2025 nominabo,
872 1939 921 2009 od
943 1960 1004 2008 me
1030 1937 1288 2030 deferrentur3

90 2054 98 2076 Ἰ
212 2144 217 2169 1„
242 2082 341 2161 nihii
356 2089 461 2182 prius
479 2090 560 2183 egi,
583 2110 692 2183 quam
714 2096 758 2157 ut
777 2108 842 2159 eos
858 2089 986 2159 stetim
1001 2112 1084 2159 oum
1098 2111 1187 2161 ,mea
1202 2113 1288 2161 con·

242 2241 384 2313 ferrem
409 2250 455 2311 et·
469 2262 564 2336 quae
588 2237 701 2312 exiis
717 2242 778 2311 vel
793 2240 1023 2313 emendando
1040 2242 1103 2311 vel
1124 2221 1290 2314 notanda

154 2364 168 2459 s
241 2377 390 2480 essent,
427 2416 498 2486 pro
513 2396 652 2489 exiguo
675 2395 854 2488 temporis
876 2394 998 2487 spatio
1020 2395 1062 2464 in
1084 2389 1299 2475 Addendie,

243 2546 445 2618 monerem.
503 2546 565 2620 Ex
591 2570 664 2642 qua
684 2547 960 2642 comparatione
985 2547 1076 2634 etsi,
1109 2557 1289 2650 quantum

178 2740 182 2749 ι
245 2694 452 2771 duumviris
475 2709 513 2771 et
533 2701 702 2772 acumine
727 2709 767 2773 et
790 2700 959 2771 doctrino
974 2700 1165 2789 cederem,
1190 2702 1290 2775 bene

243 2835 450 2948 perspexi,'
490 2861 617 2925 tamen
643 2875 765 2925 meam
795 2874 947 2948 operam
983 2853 1125 2924 oratori
1153 2865 1289 2926 nostro

242 2979 504 3079 lubentissime
525 3008 733 3102 impensam
748 2978 910 3100 aliquem
932 3014 1032 3076 certe
1047 3004 1212 3077 fruetum
1225 3009 1289 3096 iis,

245 3159 311 3254 qui
324 3181 370 3230 ea
383 3160 441 3239 uti
457 3159 662 3247 voluerint,
684 3159 846 3228 laturum
869 3179 989 3250 spero.
1037 3157 1153 3227 Faxit
1167 3155 1288 3251 Deus,

121 3375 124 3381 ,
244 3320 287 3382 ut
305 3311 459 3437 iuvenes
481 3311 690 3401 litterarum
711 3311 891 3381 bonorum
909 3302 1069 3380 studiosi
1085 3331 1106 3380 e
1121 3311 1288 3384 lectione

243 3462 378 3535 barum
409 3463 618 3534 orationum
648 3483 750 3551 eam,
784 3486 895 3559 quam
922 3464 1045 3552 volui,
1080 3464 1289 3558 percipiant

244 3616 454 3689 utilitatem.
936 3588 940 3592 ’
1325 3572 1327 3577 -

346 3767 553 3864 Fribergae
569 3791 618 3874 m.
632 3769 743 3843 Febr.
760 3764 1100 3842 inuocem.-

660 4040 866 4061 ...ω-ιι
