2684 4974
245 408 310 473 116
396 393 699 466 attenuans.
720 391 950 453 ottnrn
974 393 1133 475 tanna

241 563 283 632 ll.
309 528 458 629 Suadet,

235 698 240 707 ’
292 685 327 769 a)
350 687 391 741 ut
410 671 500 759 leges
529 666 571 734 de
600 670 743 756 pecunia
763 666 914 734 theatrali
941 679 975 734 et
998 667 1177 736 nonnullas
1201 671 1298 737 mili-

342 791 430 843 tares
462 773 623 859 abrogent
651 792 790 858 eamque
813 776 952 837 remiis
972 777 1052 861 ipsis
1073 773 1297 858 demandent,

341 877 481 971 quiillas
498 876 651 940 tulerintz
685 873 765 938 alios
787 880 877 940 enim
902 897 976 942 eam
998 898 1080 966 prae
1102 889 1202 944 metu
1222 902 1299 945 non

235 984 238 992 ’
342 991 380 1050 in
401 1003 438 1047 se
462 986 673 1068 suscepturos
694 998 765 1042 esse
781 977 876 1070 (IV).
1090 970 1099 987 ⁸

294 1107 335 1201 b)
351 1116 390 1170 ut
410 1123 465 1168 res
480 1105 567 1187 ipsas
582 1101 669 1162 cives
683 1108 817 1162 strenue
834 1110 952 1185 gerant
972 1119 1081 1188 neque
1094 1105 1131 1165 in
1145 1100 1298 1168 decretis

347 1210 569 1293 acquiescant:
594 1222 727 1265 summo
747 1204 841 1265 enim
861 1201 931 1266 illas
947 1206 983 1267 in
998 1204 1194 1270 discrimine
1213 1227 1296 1272 ver-

346 1315 412 1375 sari
433 1318 467 1373 et
488 1299 725 1382 metuendum,
751 1326 812 1386 ne,
839 1327 945 1392 quum
966 1309 1029 1393 ipsi
1052 1307 1296 1391 calamitatum,

345 1435 426 1504 quas
449 1412 622 1496 experturi
644 1410 728 1489 sint,
755 1410 915 1474 exsistant
935 1419 1106 1492 auctores,
1129 1411 1215 1476 alios
1236 1435 1296 1479 ac·
1334 1414 1339 1466 ἶ

345 1525 470 1582 curent.
495 1510 577 1602 (V).
1089 1572 1092 1577 .

294 1621 328 1713 c)
343 1634 451 1707 neque
471 1637 579 1680 unum
600 1611 752 1694 audiant,
778 1612 837 1678 aed
858 1612 991 1702 plures,
1012 1623 1047 1683 et
1065 1608 1164 1680 utiles
1188 1637 1293 1704 prae-

300 1745 310 1783 ι·
347 1722 456 1789 ferant
476 1714 576 1783 rebus
593 1715 767 1805 jucandis3
798 1739 906 1807 neque
931 1721 1117 1805 patiantur,
1145 1727 1185 1784 ut
1208 1741 1291 1809 pro·
1335 1748 1338 1771 =

272 1818 277 1842 ⁰
344 1836 421 1914 pter
441 1824 591 1909 inopiam
612 1824 773 1908 pecuniae
795 1831 829 1885 et
842 1818 1046 1887 commeatus
1060 1813 1162 1888 nrbes
1176 1816 1289 1890 Grae-

347 1949 405 1993 cae
436 1929 630 1990 servitutem
656 1918 795 1986 subeant
815 1922 906 2008 (vl).

181 919 199 970 l,

245 2061 300 2133 ΙΙΙ.
319 2055 510 2148 Confirmat
532 2058 743 2141 rogationem
767 2059 870 2142 ipsius
888 2060 938 2121 rei
953 2061 1091 2124 veritate
1106 2081 1174 2148 pro
1192 2080 1285 2127 more

203 2236 206 2241 ,
293 2164 480 2249 majorumz
506 2180 550 2223 ex
565 2180 633 2245 quo
649 2162 740 2221 enim
754 2157 953 2244 popularem
967 2183 1083 2229 auram
1101 2173 1295 2252 captasseut

297 2277 467 2344 oratores,
514 2282 568 2325 res
602 2281 672 2323 esse
708 2260 862 2346 perditas.
919 2263 1057 2329 lllorum
1094 2270 1185 2331 enim
1215 2288 1313 2333 me-

295 2373 404 2436 moria
429 2368 594 2430 civitatem
618 2360 861 2427 Atheniensem
886 2360 1022 2447 ceteris,
1057 2369 1215 2457 ipsosque
1235 2368 1331 2434 ‹ti-

296 2482 408 2539 centes
436 2465 559 2533 invidia
587 2463 688 2529 fuisse
708 2470 914 2552 superiorest
950 2492 1005 2534 res
1030 2481 1063 2535 et
1083 2466 1233 2559 publicas
1254 2473 1338 2533 et

265 2619 274 2655 ⁴.
296 2580 440 2664 privatas
461 2569 637 2656 diligentia,
659 2573 876 2658 temperantia
894 2592 932 2636 ac
948 2571 1015 2638 fide
1030 2572 1130 2640 fuisse
1143 2568 1338 2643 admini'·

79 2688 112 2731 ¹-
228 2714 237 2724 =
297 2688 412 2744 stratas
433 2672 521 2762 (VH.
537 2666 639 2757 Viti).

245 2811 306 2883 1V.
320 2805 518 2899 Exprobrat
535 2804 678 2884 civibus,
702 2804 793 2892 quod
807 2827 847 2872 eo
862 2817 1033 2897 tempore,
1063 2833 1130 2900 quo
1147 2815 1338 2877 mininfl

297 2915 433 3004 parsit,
458 2913 523 2974 suis
537 2930 571 2972 se
592 2907 689 3003 bonis
710 2913 835 2994 privari
853 2915 977 2976 sinant:
1003 2936 1111 3000 neque
1127 2920 1219 2982 enim
1234 2916 1338 2982 τί

296 3017 493 3082 domesticas
522 3013 660 3076 civitatis
682 3023 792 3081 auctas
814 3023 848 3077 et
867 3026 998 3080 ornatas
1023 3037 1110 3096 esse,
1143 3019 1203 3093 sed
1225 3024 1338 3107 pot

262 3184 265 3191 ,
297 3125 363 3185 tius
382 3139 437 3183 res
457 3113 634 3179 familiares
662 3111 852 3179 dicentium.
899 3116 982 3203 Ejus
1007 3119 1057 3183 rei
1073 3118 1208 3186 oausam
1223 3132 1256 3187 et
1317 3140 1337 3165 ¹

296 3224 444 3312 potentia
462 3215 587 3281 horum
607 3225 641 3280 et
656 3211 696 3279 ab
713 3215 902 3284 infirmitate
919 3221 1033 3309 populi
1048 3245 1117 3288 esse
1131 3235 1271 3312 repeten
1288 3238 1337 3265 ²

297 3326 394 3405 dam,
416 3342 519 3411 quem
543 3318 590 3383 illi
611 3322 677 3382 suis
698 3318 759 3383 sibi
780 3319 904 3386 deliciis
925 3323 1114 3391 devinctum
1131 3325 1272 3395 fecerint
1310 3319 1337 3379 θ’

296 3449 377 3517 quas
397 3422 530 3512 quidem
545 3425 655 3487 irrites
667 3418 739 3487 fore
755 3421 835 3488 dicit
849 3437 981 3510 orator,
1006 3432 1032 3490 si
1045 3432 1116 3516 ipse
1131 3432 1325 3521 populus,

299 3528 380 3621 quid
396 3532 483 3593 vires
497 3524 660 3604 valerent,
685 3531 905 3612 experiretur.
927 3528 1002 3619 (IX.
1015 3529 1079 3617 X).

249 3667 295 3736 V.
312 3657 513 3740 Concludit,
554 3657 682 3737 dicens,
713 3658 872 3725 'omnibus
900 3663 1051 3728 militiam
1080 3662 1296 3735 subeundam

301 3786 389 3846 esse,
420 3784 484 3827 nec
507 3755 752 3849 quaerendum,
782 3763 877 3848 eujus
903 3765 995 3834 ducis
1019 3768 1139 3832 milites
1159 3792 1295 3838 meree-

300 3872 387 3932 narii
417 3868 591 3933 victoriam
616 3870 879 3952 reportaverint,
916 3869 975 3934 sed
993 3867 1055 3935 hos
1077 3875 1291 3942 sustinendos
1325 3898 1335 3911 ’

284 3989 370 4034 ¹esse
391 3979 426 4034 et
444 3967 587 4057 gloriam
609 3966 777 4054 majorum
799 3971 1003 4040 servandam.
1027 3971 1122 4058 (XI).

622 4230 865 4252 t*
