2684 4974
514 944 1014 1083 nunnunnrun

333 1205 756 1276 OLYNTHIACAE
789 1199 1044 1274 TERTIAE
1077 1202 1093 1299 (
1130 1202 1189 1298 )’‘)

601 1438 604 1443 ·
650 1431 861 1452 w

232 1582 342 1709 Haec
363 1624 470 1684 oratio
491 1615 543 1684 his
562 1598 752 1683 continetur
776 1613 944 1707 partibus!

231 1736 254 1802 Ι.
285 1734 498 1805 cohortatur
517 1737 762 1804 Demosthenes
792 1731 1032 1816 Athenienses,
1067 1746 1121 1816 ut,
1156 1740 1185 1800 si
1206 1734 1290 1823 ipsis

283 1867 341 1906 sua
364 1843 449 1907 salus
467 1847 517 1907 sit
534 1844 646 1924 cordi,
672 1865 772 1930 quam
793 1841 966 1906 celerrime
989 1839 1153 1904 arixiliurn
1176 1839 1291 1904 ferant

283 1944 455 2034 Olynthiis
476 1957 511 2009 ct
532 1946 748 2032 legationem,
776 1966 859 2033 quac
878 1942 944 2008 hoc
962 1943 1176 2029 pollicealur,
1205 1943 1290 2009 mit-

282 2060 371 2127 tant,
418 2070 460 2114 ne
498 2047 672 2134 Philippus
707 2036 914 2135 prucrou'int,
958 2051 1012 2137 qui
1045 2064 1176 2122 tamen,
1232 2069 1288 2112 res

283 2156 433 2237 quamvis
454 2158 586 2216 sirenue
601 2154 750 2237 gerenti,
773 2151 831 2215 scd
847 2149 976 2214 homini
993 2140 1140 2236 perfido,
1157 2148 1289 2239 ·Olyn-

57 2271 63 2285 ’
282 2254 371 2317 thios
391 2252 494 2318 fidem
514 2251 686 2317 habituros
707 2264 815 2338 neget.
867 2252 943 2317 Hae
959 2257 1067 2338 igitur
1096 2248 1289 2337 occasione,

284 2379 367 2445 quac
407 2365 523 2443 sponte
566 2376 602 2419 sc
640 2353 778 2435 offerat,
825 2354 1021 2444 Philippum
1066 2356 1289 2444 opprimendi
1323 2385 1327 2392 ·

283 2470 446 2549 prompto
465 2463 583 2522 animo
608 2451 781 2531 utendum.
798 2457 837 2539 (l.
851 2457 905 2544 Il).

232 2565 273 2631 Π.
298 2561 469 2650 Exponit,
506 2558 767 2626 ¹Atheniensium
794 2557 934 2641 desidia,
964 2583 1028 2650 qua
1055 2557 1312 2649 Amphipolin·

282 2665 424 2753 aliasque
446 2657 546 2729 urbes
570 2664 747 2729 Macedoni
766 2664 938 2753 capiendas
951 2665 1172 2752 reliquissent,
1190 2663 1289 2730 hunc

186 2804 188 2809 ·
283 2772 423 2833 crevisse
437 2752 536 2852 ι(11[);
562 2777 613 2848 ct,
638 2765 866 2833 benevolentia
892 2766 1198 2854 deorumlaudata,
1226 2773 1289 2857 qui

186 2950 191 2963 x
250 2918 253 2928 .
283 2871 370 2937 hanc
390 2875 599 2936 occasionem
618 2869 815 2962 praebeant,
837 2871 1022 2938 carendum
1043 2889 1085 2935 ne
1108 2891 1186 2934 eam
1200 2892 1289 2957 con-

301 3124 328 3188 *)
349 3121 421 3172 Haec
446 3118 528 3169 cestio
554 3117 638 3184 vulgo
660 3119 806 3175 collosstnc
827 3120 917 3188 primo
934 3117 1011 3184 loco,
1034 3117 1082 3171 sed
1107 3118 1135 3171 in
1149 3116 1297 3188 l’rciegg.¹

234 3206 268 3259 sd
293 3219 371 3258 orstt.
399 3202 509 3273 Olynth.
532 3220 560 3272 p.
577 3220 610 3271 7⁰
627 3220 686 3270 sqq,
710 3208 879 3267 monuimus,
906 3205 1028 3256 ordinem
1052 3207 1172 3272 Dionysii
1198 3204 1291 3261 Helic-

233 3292 313 3342 nobis
337 3292 453 3360 probari·
491 3290 568 3340 Juvat
595 3289 693 3343 addere
717 3291 795 3344 verbs
817 3293 939 3344 Tcurelli
964 3291 997 3342 de
1022 3306 1182 3358 argumento
1207 3293 1290 3362 bnjns

233 3379 372 3428 orationis:
397 3375 553 3448 „Olyntbii,
579 3379 751 3430 vehementer
775 3396 789 3428 a
816 3377 943 3447 Philippo
959 3380 1054 3447 pressi,
1079 3380 1232 3447 quibusque
1253 3379 1290 3432 ad

227 3463 320 3533 „illud
338 3480 419 3527 usque
439 3478 559 3535 tempus,
578 3464 915 3528 conductitiismilitibus,
933 3465 1005 3514 mele
1024 3464 1057 3514 sb
1076 3465 1291 3519 Atheniensibus

119 3590 121 3595 f
231 3544 402 3612 ‚sssnccursam
421 3550 523 3614 fuerat,
547 3570 627 3607 novas
645 3550 771 3618 petebsnt
786 3553 888 3617 copias,
914 3567 967 3601 non
988 3567 1019 3601 es
1036 3554 1225 3617 mercenariis,
1242 3552 1298 3603 -si··

231 3637 305 3701 „cun
324 3647 416 3698 entes,
439 3624 630 3704 et'peregrinis
649 3640 787 3701 conflatu,
802 3654 895 3688 verum
912 3637 975 3704 ipsis
992 3634 1289 3704 Atherriensibus‚·qni

231 3724 352 3786 „sineno
378 3738 439 3787 cum
467 3739 529 3774 suae
552 3725 754 3789 glorisertuni
773 3724 924 3774 eornruunis
947 3741 1038 3776 coesse
1063 3723 1152 3782 studio
1172 3728 1290 3779 animati

231 3811 309 3869 „sinn
344 3807 384 3857 Es
403 3806 450 3858 bac
469 3811 605 3859 occasione
619 3808 814 3859 Demosthenes
833 3809 972 3875 expendit,
991 3813 1084 3875 quanti
1103 3813 1134 3861 iis
1149 3814 1289 3865 momenti

230 3892 300 3955 ,‚sit,
326 3905 356 3942 ut
379 3893 531 3962 Olynthum
557 3895 724 3945 incolumem
743 3906 865 3959 servent,
884 3925 918 3935 -
943 3894 977 3946 sd
996 3885 1137 3947 cuns'sero
1159 3899 1290 3962 modum,

229 3989 278 4042 „ut
297 3977 478 4043 intelligatur,
499 3980 634 4046 prioribus
651 3984 714 4049 ipsis
730 3980 956 4034 admonitionibus
973 3981 1028 4032 non
1047 4001 1118 4045 eum,
1137 3999 1221 4048 quem
1238 4003 1289 4052 per

118 4130 133 4139 ..
231 4075 319 4125 ‚,erat,
340 4079 488 4122 successum
507 4066 640 4133 obtigisse.
674 4054 861 4130 Athenienses,
887 4068 936 4121 sub
958 4067 1068 4119 Charete
1089 4067 1175 4131 duce,
1194 4071 1290 4121 subsi-

204 4173 209 4191 ι
229 4149 306 4226 „dio
318 4149 414 4199 misere
436 4151 618 4218 septendecim
636 4153 757 4204 triremes
774 4170 837 4204 cum
855 4152 897 4204 bis
914 4155 992 4204 mille
1010 4153 1163 4220 peditibus,
1180 4157 1289 4223 equiti-

227 4237 299 4299 „bns
316 4238 530 4299 suetranensis,
548 4239 632 4306 iisque
649 4238 781 4300 omnibns,
800 4239 878 4292 sicuti
896 4240 1020 4310 Olynthii
1035 4242 1176 4310 petierent,
1195 4243 1288 4295 Athe-

228 4318 409 4383 „nieusibdtfl
438 4321 493 4378 cn.
512 4322 633 4376 Philocli.
649 4324 720 4394 apud
738 4323 848 4393 Dionys.
865 4326 953 4380 Helie.
980 4327 1012 4379 T.
1023 4326 1069 4382 vl.
1087 4325 1191 4401 pyssi.
1294 4384 1298 4388 ,

319 4474 322 4483 '
360 4490 374 4519 s
