2656 4980
277 379 486 445 ORATaDE
505 370 616 444 Pseu
640 376 677 442 C.
692 380 734 443 V.
756 375 912 463 §.bvi
934 400 1004 446 aaa
1089 384 1159 451 189

116 535 213 661 πρὸς
232 532 321 628 τοὺς
344 536 524 661 θηβαίους
544 494 811 657 πολεμήσαιμεν
834 530 884 611 δι’
902 530 1111 636 Ὠρωπὸν
1088 566 1132 661 η
1126 565 1162 613 τι
1237 620 1241 630 ,

117 650 189 719 τῶν
209 644 330 729 ἰδίων,
357 634 516 719 οὐδὲν
489 665 538 712 αν
560 634 656 762 ἡμᾶς
673 635 998 738 παθεῖνὴμοῶμαι
1019 637 1161 767 καὶγὰρ
1227 686 1233 693 -

117 744 203 848 εμῖν
229 740 404 833 κάκείνοις
423 737 509 831 τοὺς
527 737 833 843 βοηθήσοντας
808 772 855 816 αν
879 747 1045 838 οίμαι,ε
1027 751 1078 834 εἰς
1097 741 1163 842 τὴν

120 851 253 927 οἰκείαν
274 855 311 921 εἴ
329 872 383 936 τις
404 841 572 941 ἐμβάλοι,
593 849 768 977 βορδεῖν,
790 841 835 921 οὐ
858 843 1163 948 συνεπιστρατεύ-

120 981 199 1029 σειν
233 948 478 1077 οὐδετέροις.
501 951 579 1022 Kui
613 945 682 1051 μὰρ
720 952 761 1022 αἱ
797 953 996 1045 συμμαχίαι
1026 953 1196 1025 sorianus

120 1062 241 1151 ἔχουσι
265 1049 329 1130 τὸν
350 1048 507 1176 τρόπον,
531 1046 581 1125 ῶν
596 1055 664 1127 atui
686 1056 925 1177 φροντίσειεν
927 1049 974 1127 α’ν
995 1079 1070 1174 τις,
1102 1057 1164 1129 καί

122 1156 165 1235 τὸ
185 1159 333 1283 πρᾶγμα
354 1152 479 1280 φύσει
481 1150 658 1231 τοιοῦτόν
670 1161 786 1230 ἐστιν·
813 1152 879 1231 οὐκ
897 1152 983 1280 ρίχρι
1004 1162 1069 1257 τῆς
1084 1165 1164 1258 ἴσης

123 1258 272 1352 ἕκαστός
302 1266 401 1335 ἐστιν
436 1253 565 1350 εὔνους
599 1252 686 1333 οὔδ’
719 1256 823 1383 ἡμῖν,
866 1255 951 1336 οὐτε
982 1264 1164 1394 Θηβαίοις,
1226 1278 1231 1287 ’

123 1363 212 1441 ῶστε
239 1364 419 1439 εἶναικαὶ
436 1373 590 1488 κρατεῖν
617 1362 690 1436 τῶν
717 1357 850 1453 ἄλλοιν,
887 1359 976 1438 ἀλλὰ
1002 1367 1072 1455 σῶς
1096 1371 1165 1463 μὲν

123 1468 260 1543 εἶναι’
241 1466 398 1558 α’παυτες
426 1461 473 1540 ἂν
500 1461 746 1561 βούλοιντο
721 1492 824 1539 ενεκα
850 1470 1006 1557 ἑαυτῶν,
1030 1467 1166 1591 κρατή-

120 1598 259 1663 σαντας
284 1573 328 1647 δὲ
354 1565 442 1662 τοὺς
468 1574 613 1671 ἑτέρους
644 1564 873 1659 δεσπότας
854 1571 1025 1673 υνιάρχειν
1046 1571 1166 1648 αὐτῶν

121 1672 210 1753 οὐδὲ
229 1675 289 1765 εἷς
873 1728 878 1739 .

228 1779 274 1854 Τί
298 1771 367 1852 οὖν
392 1771 549 1876 ἡγοῦμαι
576 1770 752 1900 φοβερόν,
784 1776 846 1848 καὶ
871 1804 906 1849 τι
899 1773 1218 1877 ’φυλῶξασθαιῖῐ

120 1910 214 1985 φημι
202 1879 337 1956 δεῖν
307 1881 435 2003 ρμᾶςς
454 1905 551 1969 οπως
563 1875 616 1980 μὴ
632 1905 752 1978 κοινιμ
767 1874 951 2004 πρόφασιν
966 1884 1026 1954 καὶ
1040 1879 1198 1957 κοινὸν1ι

116 1982 316 2086 ἔγκλημα
299 2011 320 2057 ο
342 1987 476 2080 μελλοιν
499 1979 655 2125 πόλεμος
674 1980 765 2085 πρὸς
789 1981 955 2075 ἅπαντας
974 1984 1168 2087 λάβῃλῑί

189 2186 217 2253 5.
233 2183 260 2236 5
274 2177 404 2235 Ὦνναδ
422 2182 655 2251 φροντίσειεν,
673 2179 738 2233 Ald.
754 2181 798 2232 W.
814 2181 847 2234 A.
864 2194 891 2233 et
904 2181 982 2235 Beck
975 2201 1048 2253 .pro
1067 2203 1101 2236 ων
1117 2186 1168 2237 ha
1245 2223 1248 2228 -

119 2265 250 2334 bentdr,
273 2267 320 2320 sed
346 2271 448 2339 Obaop,
474 2285 488 2319 e
513 2286 561 2320 suo
581 2264 649 2319 Cod.
665 2270 799 2335 vulgatam
817 2271 948 2334 restituit,
975 2287 1041 2336 quae
1059 2270 1167 2330 in'Bar.

119 2355 195 2422 Aug.
210 2354 236 2410 5.
258 2352 319 2409 Atd.
343 2356 462 2422 Lessing.
486 2355 561 2406 Harl.
586 2356 699 2421 aliisque
725 2357 864 2424 reperitur.
898 2356 1022 2411 Eandem
1042 2361 1073 2414 R.
1101 2362 1170 2429 (non

122 2434 171 2505 bv,
193 2452 223 2492 ut
247 2439 360 2493 Beekius
381 2444 492 2506 monet)
517 2455 543 2493 et
566 2441 595 2494 B.
622 2441 769 2504 dederunt,
795 2458 862 2506 quos
879 2457 1004 2509 sequutus
1023 2449 1059 2498 ita
1076 2449 1169 2503 locum

122 2528 297 2595 interpretor:
319 2529 383 2579 haee
402 2541 440 2578 est
456 2530 525 2577 ratio
544 2529 700 2578 societatum
719 2528 799 2576 etiam
816 2544 885 2597 erga
904 2533 1077 2594 cursorios,
1101 2549 1169 2602 quo's

126 2616 187 2678 qnia
210 2617 325 2666 maxime
350 2614 455 2680 diligat.
478 2639 511 2650 -
537 2610 613 2682 ἄχρι
635 2610 692 2676 τῆς
713 2614 789 2677 ioue
806 2639 838 2650 —
858 2611 940 2668 ὥστε
956 2617 1062 2682 εἶναι,
1080 2625 1170 2688 prima

120 2699 206 2750 verba
228 2699 262 2755 A.
288 2711 315 2751 et
336 2701 440 2750 Jacobs.
464 2702 574 2764 interpr.
599 2715 635 2748 ese
660 2712 763 2766 aequo,
787 2698 896 2763 pariter.
938 2701 990 2755 Pro
1016 2703 1081 2759 ῶστε
1104 2708 1171 2761 εἶναι

123 2782 214 2838 Ιλείιλ.
236 2785 411 2855 probabiliter
436 2782 585 2848 conjecerat
608 2782 658 2841 σῶς
673 2799 715 2847 τε,
740 2781 820 2846 idque
840 2787 907 2835 oiim
927 2785 1010 2840 Βαλίε.
1027 2794 1196 2861 εεεερεεει.Ι

125 2872 227 2938 Anger.
246 2871 322 2923 dedit
341 2868 406 2922 ῶστε
424 2871 473 2927 σῶς
488 2889 517 2921 τε
533 2870 617 2934 εἶναι,
638 2870 769 2918 consentit
788 2868 888 2923 Buttm.
908 2871 941 2922 ad
960 2873 1027 2926 Piat.
1043 2877 1170 2935 nutus.

126 2972 160 3024 p.
175 2974 231 3024 207.
250 2958 407 3008 Schaeierus
425 2957 584 3017 arbitratur,
603 2954 745 3005 Oratorem
768 2954 871 3004 dedisse
890 2953 955 3010 uiues
973 2958 1172 3028 oai9r2fl01592.
1194 2979 1198 2994 ι

127 3047 197 3094 σθαι
211 3046 282 3096 εἶναι.
312 3043 367 3094 Sed
383 3045 515 3094 librorum
532 3045 674 3094 auctoritas
691 3042 801 3091 omniuo
820 3041 920 3098 obstatt
937 3045 1063 3110 equidem
1075 3051 1172 3115 vulga-

127 3139 185 3179 tam
202 3128 331 3180 defendo.
356 3129 424 3180 Sunt
442 3132 514 3179 euim
530 3127 584 3179 duo
603 3133 760 3192 enunciata,
785 3129 898 3181 alterum
915 3133 1029 3198 simplex
1045 3135 1110 3186 εἶναι
1128 3136 1174 3187 καί

127 3221 246 3282 κρατεῖν,
270 3219 386 3267 alterum
411 3218 603 3282 amplificatum
628 3215 678 3273 σῶς
697 3215 762 3265 εἶναι
784 3214 829 3266 καί
850 3215 1027 3285 κρατήσαντας
1044 3218 1174 3278 δεσπότας

125 3295 255 3372 ὕειὀρχειν.
286 3302 318 3353 In
337 3303 386 3352 ilio
405 3301 481 3353 dicit:
501 3319 580 3352 nemo
597 3305 663 3367 ruit,
680 3318 734 3353 not
751 3321 811 3353 esse
830 3316 856 3354 et
873 3307 1004 3373 imperare
1022 3308 1059 3372 (i,
1078 3324 1101 3362 e.
1123 3324 1173 3357 nos

128 3385 253 3452 itaesse,
278 3401 309 3441 ut
331 3390 523 3458 imperemus),
548 3392 576 3440 in
601 3389 666 3439 hoo:
686 3407 779 3440 ornnes
806 3404 868 3439 vero
886 3393 994 3454 volunt,
1012 3409 1060 3442 uos
1078 3392 1173 3443 εσίνοε

130 3490 203 3538 atre,
225 3477 293 3545 quin
317 3475 423 3526 domini
444 3478 611 3543 imperemus.
648 3477 739 3540 ltaque
764 3476 833 3525 mibi
859 3479 956 3526 melior
980 3480 1061 3528 etiam
1080 3494 1174 3528 sensus

132 3564 280 3628 avulgata
301 3562 445 3628 procedere
466 3561 587 3625 ridetur,
606 3579 684 3626 quam
705 3558 816 3612 Becltius
834 3574 859 3612 et
877 3580 948 3612 ntrnc
967 3560 1101 3613 Beiketus
1115 3581 1175 3613 ser-

133 3659 233 3699 varunt.
265 3649 317 3698 Pro
335 3645 484 3706 ἅπαντες
504 3645 587 3697 neti.
606 3664 620 3696 e
640 3650 695 3697 ΣΥ
711 3645 786 3696 dedit
803 3643 911 3709 πάντες,
935 3648 962 3696 in
982 3661 1042 3699 cett.
1060 3648 1175 3714 vulgata,

134 3747 213 3795 quam
228 3735 343 3798 retinui,
367 3748 394 3785 et
413 3753 462 3800 pro
485 3732 581 3784 λ’νενα
599 3731 728 3782 ἑαυτῶν
748 3750 762 3782 ε
786 3736 815 3784 Σ
829 3726 895 3798 ἕνεχ’
913 3727 1011 3798 αὑτῶν,
1039 3734 1126 3788 uetat.
1149 3746 1177 3786 et

131 3814 210 3873 beck.
227 3839 258 3872 ex
278 3821 337 3871 Par.
356 3820 382 3871 8.
407 3817 478 3871 iared
496 3836 524 3886 με
545 3816 659 3882 iuvenis,
678 3818 752 3870 idem
769 3819 797 3871 in
818 3823 846 3875 Y.
872 3821 1015 3886 Vulgatam
1034 3837 1097 3870 eum
1115 3818 1176 3872 Au-

134 3894 206 3971 gerio
223 3909 352 3974 praetuli,
376 3908 442 3957 item
466 3924 490 3958 c.
509 3904 535 3966 6,
549 3903 574 3954 6.

197 3992 225 4061 ᾗ.
244 4008 267 4047 t.
295 3990 377 4044 Δεῖν
393 3987 490 4058 ἡμᾶς,
512 3991 589 4041 Hanc
605 3992 748 4042 lectionem
766 4009 797 4043 ex
816 3990 877 4041 Bar.
896 4004 921 4042 et
940 3991 972 4051 F,
990 3994 1017 4041 in
1035 4009 1087 4058 quo
1101 4007 1178 4045 utro·
1191 4000 1239 4054 Vl.

135 4091 185 4142 que
208 4080 384 4146 superscripta
407 4090 460 4138 est,
486 4077 515 4129 R.
537 4089 564 4129 et
580 4077 611 4130 Β.
635 4076 743 4134 dedere.
776 4077 855 4145 Vulg,
877 4071 945 4146 ὑμᾶς
965 4075 1035 4145 Aug.
1055 4092 1082 4130 et
1097 4077 1176 4135 Beck.

135 4162 181 4213 ted
198 4165 275 4215 iliam
293 4181 384 4214 sensus
403 4165 526 4228 requirit.

200 4253 224 4320 ᾗ,
245 4267 271 4301 2.
287 4247 382 4301 Ὅσοι
398 4267 432 4316 με
451 4243 488 4312 δὴ
505 4276 540 4289 -
562 4246 739 4318 φροζνοῦσι.
759 4249 870 4301 Particc.
887 4253 915 4318 μὲ
934 4247 980 4315 δὴ,
1001 4269 1069 4321 quae
1085 4251 1182 4305 absunt

111 4352 117 4365 ·
136 4333 168 4387 tb
186 4337 255 4406 Aug.
275 4353 298 4391 1.
311 4338 337 4388 5.
353 4336 415 4386 Bar.
432 4336 511 4399 m,
525 4333 639 4404 append.
657 4334 764 4387 Fatuos.
781 4348 808 4389 et
819 4338 903 4404 Harl„
917 4341 1008 4393 omisit
1023 4341 1070 4405 B.;
1084 4357 1178 4393 rerum
