2656 4980
340 964 882 1109 anennnnrune

158 1248 588 1321 OLYNTHIACAE
621 1250 840 1320 PntMAn
869 1194 1054 1349 (vulgali).

498 1484 709 1505 Μ

246 1638 341 1707 Haec
369 1645 477 1707 oratio
505 1639 620 1707 tribue
641 1648 771 1705 constat
791 1640 961 1727 partibus:

67 1780 276 1905 poniqunm
296 1838 437 1901 exorem
457 1827 507 1882 est
520 1838 540 1880 a
554 1815 715 1902 singulari
727 1813 889 1883 beneficio
905 1792 1125 1910 divino,''qho,

66 1932 209 2001 occasio
229 1948 309 1993 enm
321 1918 480 2017 Philippo
496 1924 698 2015 confligendi
720 1930 763 1992 sit
785 1925 859 1994 data
881 1924 934 2022 ()
1000 1948 1004 1953 ·

63 2066 92 2137 Ι,
120 2059 281 2153 Reponi!
298 2060 432 2127 nonde
452 2060 600 2151 Philippi
622 2060 759 2149 opibus,
783 2085 864 2152 ques
883 2067 988 2150 magis
1009 2057 1126 2129 Athea
1191 2094 1194 2099 ·

174 2167 347 2231 niensium
372 2167 529 2251 segnitie,
568 2186 670 2259 quam
693 2187 755 2231 sue
777 2187 879 2253 opera
901 2165 964 2230 sibi
983 2188 1125 2255 parare·

175 2272 244 2349 rit,
266 2266 326 2333 sed
346 2266 389 2333 de
408 2266 568 2357 perfidia,
594 2291 660 2358 que
679 2272 718 2334 in
737 2273 778 2333 iis
801 2269 960 2357 augendis
981 2274 1024 2335 sit
1045 2293 1126 2337 ver-

175 2381 268 2437 satus
306 2369 397 2458 (11.)=
446 2367 688 2454 Athenienses,
720 2370 919 2461 Olynthios,
944 2372 1123 2441 Thessalos

175 2474 323 2564 oliosqus
342 2495 414 2541 esse
433 2473 611 2563 deceptos,
635 2480 682 2540 ita
701 2485 757 2557 ut,
783 2498 803 2540 a
826 2475 946 2565 quibus
971 2481 1036 2541 sint
1060 2501 1123 2544 au-

174 2584 252 2644 eus
270 2577 359 2643 illins
376 2582 482 2659 vires,
504 2577 546 2645 ab
563 2576 685 2646 iisdem
704 2577 846 2646 debeant
863 2578 1002 2667 infringi
1016 2579 1136 2668 (HL),

172 2703 258 2748 iram
287 2702 372 2771 qnae
399 2692 528 2764 tenent,
566 2703 623 2763 ee,
661 2704 767 2771 quum
787 2682 913 2768 injusto
932 2682 1037 2749 modo
1057 2683 1122 2748 sibi

174 2787 402 2871 arrogaverit,
436 2784 490 2851 vel
521 2784 590 2851 leni
611 2795 708 2873 motu
727 2806 888 2850 corruere
908 2784 1013 2870 (IV.).
1061 2785 1121 2850 In-

170 2892 335 2975 terposita
367 2887 625 2970 adhortatione,
650 2898 689 2952 ut
708 2884 932 2952 Athenienses
948 2886 1120 2976 Olynthiis

170 3012 278 3079 opem
302 2989 412 3056 ferunt
433 3013 472 3057 ec
492 3001 626 3055 strenue
648 2994 715 3054 suis
736 2989 835 3055 rebus
850 2995 1014 3077 praesint,
1037 3013 1120 3081 per·
1199 3066 1202 3071 ¹

169 3099 226 3185 git
253 3116 436 3185 exponere,
467 3092 662 3181 Philippum
691 3114 802 3181 neque
838 3096 935 3157 sociis
964 3099 1015 3158 uti
1043 3093 1119 3158 fidis

169 3219 286 3287 neque
310 3196 430 3287 opibus
452 3209 505 3262 sat
523 3194 639 3263 validis
668 3191 719 3289 (V
718 3190 764 3287 .),
804 3218 943 3287 easque,
970 3199 1036 3261 nisi
1057 3219 1120 3260 au-

166 3312 315 3393 geantur
333 3301 476 3367 aliorum
497 3299 646 3382 auxiliis,
670 3299 852 3366 imbecilles
874 3321 955 3364 esse.
1005 3298 1119 3364 Studia

171 3408 269 3473 enim
303 3408 408 3493 ipsius
446 3415 480 3469 et
520 3403 748 3470 Macedonum
788 3404 1007 3469 diversissima
1036 3396 1119 3483 esses,

171 3512 302 3599 quippe
326 3512 385 3597 qui
405 3506 449 3573 ob
468 3507 555 3572 illius
575 3530 743 3573 summam
763 3506 903 3573 honoris
927 3503 1120 3595 cupidinem
1219 3526 1227 3537 ·

168 3617 378 3679 commercio
409 3610 651 3701 prohibeantur
673 3611 782 3697 (VL);
815 3631 872 3676 eos
897 3622 1028 3690 autem,
1061 3614 1120 3699 qui

164 3712 320 3803 Philippi
337 3725 479 3785 ,utentur
499 3713 756 3795 consuetudine,
778 3715 832 3780 vel
852 3737 969 3781 rorum
985 3712 1122 3779 bellica·

169 3824 400 3906 rumpentes
420 3821 475 3887 vel
497 3816 665 3909 probitate
687 3829 821 3883 ornatos
841 3821 1006 3897 amoveri,
1032 3827 1122 3882 oete⁴

172 3944 235 3989 ros
257 3942 327 3987 eene
349 3921 505 3991 homines
534 3920 747 4002 libidinosos,
774 3920 826 3986 his
847 3927 935 4007 regis
960 3944 1040 4009 opes
1060 3926 1124 3985 niti

172 4022 417 4108 fundamentis,
444 4038 485 4096 ut
502 4024 597 4092 facile
618 4036 779 4091 corruant
799 4022 916 4118 (vit).

132 4238 162 4309 ')
181 4237 241 4289 1100
264 4251 452 4305 argumentum
478 4252 543 4309 poet
563 4236 726 4309 hypotheses
739 4235 845 4290 Libanii
861 4239 1013 4306 posuimus,
1029 4250 1063 4287 ne
1078 4231 1128 4291 bei

57 4344 130 4383 nn
146 4322 235 4381 mie·
247 4322 502 4393 interrumperetur·
604 4340 608 4345 '
