2656 4980
222 422 479 489 rnonncon.
497 423 548 488 m
568 421 701 490 omn.
718 374 923 491 ¹nra-raca.
1021 428 1089 495 m
1220 444 1227 471 ι

45 586 136 651 ciam
151 585 279 653 invasit.
320 580 421 651 Dem.
435 580 467 651 d.
481 582 505 652 f.
521 582 585 673 leg.
599 582 687 666 390,
698 584 732 651 9.
748 588 921 677 Δορίσκον,
946 581 1092 678 Θρᾴκην,
1199 612 1206 653 .·

45 690 93 756 τὰ
115 688 170 757 ἐπὶ
190 688 257 759 τῶν
277 688 405 779 τειχῶν,
434 686 536 781 Ἱερὸν
552 683 646 780 ὅρος,
665 684 832 757 πάντατὰ
848 680 1029 781 πρᾶγματα
1050 698 1093 761 ἐν

47 786 199 887 εἰρήνῃ
213 794 269 860 καί
283 792 490 873 σπονδαῖς
503 781 584 891 ᾕρει.
600 790 674 858 coll.
689 790 774 860 PbiL
789 792 843 879 ΠΙ,
859 786 1013 875 tiano,
1033 792 1092 858 Iu-

48 905 144 961 terea
157 917 272 961 mense
285 894 547 985 Elaphebolidne
561 901 677 962 concio
691 896 809 986 populi
821 894 960 963 Athenis
969 894 1093 978 habita,

48 1018 123 1087 pax
134 1002 213 1063 inita
229 1010 262 1065 et
276 998 433 1066 XXVm⁰
450 998 502 1065 die
514 997 634 1090 Elaph.
650 999 786 1093 (Mart.)
801 988 1035 1088 jusjurandum
1052 999 1094 1065 ab

49 1100 313 1169 Atheniensibus
342 1112 378 1168 et
405 1102 642 1194 plerorumque
670 1108 839 1170 sociorum
859 1102 992 1192 legatis,
1030 1106 1096 1168 nisi

50 1204 240 1273 Phocenses
260 1217 294 1272 et
315 1203 565 1297 Cersobleptem
590 1210 737 1297 excipias
761 1206 876 1273 datum
895 1218 944 1272 est
952 1210 995 1294 ¹⁵).
1018 1204 1095 1272 Jam

52 1306 296 1375 Demosthenes
313 1310 349 1375 id
362 1330 453 1376 nunc
467 1280 620 1398 inprimis
634 1316 717 1398 egit,
740 1322 779 1377 ut
801 1334 903 1402 quam
921 1309 1095 1376 celerrime

53 1410 154 1501 legati
179 1412 222 1479 ad
245 1411 438 1501 Philippum
463 1413 773 1503 proficiscerentur,
808 1414 927 1503 quibus
951 1418 1097 1481 invicem

57 1514 269 1605 jurisjurandi
295 1516 399 1584 fidem
425 1540 489 1585 rex
515 1516 619 1583 daret.
673 1516 869 1584 Decemviri
889 1516 984 1583 electi
1008 1528 1096 1583 saint.

58 1616 158 1685 Dem.
171 1618 203 1685 d
218 1619 297 1685 Cor.
313 1620 400 1702 233,
417 1619 476 1687 21.
497 1613 559 1709 ἐγώ
580 1623 643 1709 μὲν
655 1618 766 1689 τοίνυν
781 1624 914 1715 ἔγραψα
929 1615 1097 1707 βουλεύων

62 1712 216 1795 simma
232 1716 293 1809 τὴν
313 1723 472 1813 ταχίστην
488 1718 568 1805 τούς
579 1725 727 1811 πρέσβεις
739 1724 794 1794 ἐπὶ
805 1717 885 1804 τούς
897 1720 1038 1803 τόπους,
1063 1723 1099 1792 ίυ

67 1816 112 1905 οἷς
127 1818 170 1897 ἂν
183 1820 264 1895 ὄντα
280 1828 340 1898 τὸν
360 1829 528 1897 Φίλιππον
542 1824 798 1908 πυνθάνωνται,
818 1829 876 1896 καὶ
888 1826 967 1906 τούς
978 1821 1099 1915 ὅρκους

10 2012 12 2031 Ι
69 1920 319 2022 ἅπολπμβᾶνεινς
334 1942 368 1997 et
380 1931 493 2020 paullo
508 1941 601 2020 post:
625 1931 782 2017 Φιλίππῳ
792 1932 856 2020 μέν
865 1912 909 2015 ἦν
919 1930 1098 2024 συμφέρον,

72 2023 111 2112 ὦς
121 2038 265 2105 unsaros
279 2036 340 2105 τὸν
354 2029 474 2118 μεταξύ
490 2027 613 2126 χρόνον
627 2035 786 2120 γενέσθαι
799 2036 867 2104 τῶν
877 2022 995 2125 ὅρκων,
1020 2032 1100 2118 ὑμῖν

44 2154 49 2163 ·
75 2126 99 2203 d
117 2136 157 2217 ὥς
173 2135 354 2229 ἐλάχιστον.
401 2136 551 2205 Profecti
569 2142 604 2203 iu
626 2134 862 2204 Macedoniam
876 2136 976 2225 legati
990 2132 1102 2201 Athe-

75 2242 222 2309 niensium
250 2240 360 2308 Peltae
381 2240 467 2307 male
488 2240 704 2325 desederunt,
737 2236 843 2334 usque
866 2240 949 2308 dum
968 2238 1102 2327 Philip-

76 2362 128 2428 pus
144 2366 186 2411 ex
205 2344 350 2411 Thracia
372 2347 506 2412 rediret.
528 2404 533 2419 ,
558 2345 717 2441 Tandem
740 2367 858 2433 pacem
881 2343 1102 2433 jurejurando

76 2466 128 2511 rex
144 2448 346 2515 confirmavit
372 2448 552 2539 legatisque
571 2449 788 2516 redeuntibus
811 2446 986 2538 epistolam
1009 2446 1103 2513 dedit

76 2548 110 2611 td
128 2550 358 2635 Athenienses,
385 2576 449 2643 qua
464 2575 614 2634 moram,
640 2573 725 2641 quae
741 2575 786 2617 ex
801 2558 904 2640 ipsius
920 2550 1102 2617 commodo

76 2646 183 2739 fuerat,
213 2652 404 2744 excusaret3
429 2679 509 2722 nam
533 2677 648 2720 meuse
671 2653 950 2743 Scirrophorione
967 2692 1020 2742 .··‘
1045 2658 1104 2745 qui

75 2772 186 2825 tnnum
200 2760 324 2827 claudit
336 2773 369 2827 et
382 2772 500 2825 nostro
514 2756 535 2824 J
537 2781 592 2824 un.
606 2758 787 2846 respondet
805 2792 854 2811 -
883 2758 991 2824 tribus
1005 2780 1110 2844 men-¹

73 2854 153 2925 sibus
165 2861 679 2955 praeterlapsisrevertebantur,
703 2858 875 2948 hucusque
890 2859 1012 2925 blanda
1027 2882 1105 2949 spe-

51 2960 117 3025 ‚cie
131 2962 289 3063 Philippi,
315 2944 441 3061 irnham
455 2966 581 3034 bellum
594 2968 760 3057 parantis,
784 2966 915 3031 retenti.
950 2961 1053 3030 Dem.
1071 2960 1106 3031 d.

72 3056 242 3152 Cor,236‚
260 3072 321 3139 11.

10 3248 14 3263 ‚
164 3175 248 3243 Pace
263 3188 374 3242 autem
388 3174 442 3240 illa
460 3174 684 3262 promiserant
699 3166 934 3253 Athenienses,
954 3162 1105 3255 Amphs

10 3272 18 3357 ἶ,
67 3270 158 3347 P01ht
177 3292 210 3345 et
225 3278 381 3347 Cardiam
397 3302 432 3343 se
446 3277 629 3343 concedere
644 3280 716 3362 regi
732 3275 881 3362 adeoque
893 3273 972 3338 huic
988 3271 1106 3337 sotadi-

10 3398 13 3471 ζ
67 3366 157 3446 diost
174 3397 325 3470 posteros
351 3388 588 3448 ostrinxerant.
619 3378 720 3446 Deua.
744 3378 777 3442 d.
798 3376 821 3443 f.
841 3378 904 3464 leg.
929 3374 1021 3456 358,
1044 3376 1106 3440 22.

66 3468 160 3551 Quae
179 3488 264 3557 Phil.
280 3491 470 3576 promisisse
486 3484 671 3562 dicebatur,
697 3504 736 3545 ea
748 3481 823 3545 vide
839 3479 880 3545 de
894 3481 980 3544 Pace
1002 3478 1054 3557 111,
1071 3478 1107 3544 2.

64 3567 237 3679 Philippus
252 3596 362 3656 statim
375 3602 451 3679 post
469 3586 530 3655 sub
547 3587 650 3652 finem
672 3582 728 3650 01.
745 3583 829 3666 108,
846 3584 881 3648 2.
904 3593 937 3647 et
958 3587 1029 3647 init.
1051 3580 1107 3647 Ol.

66 3672 154 3772 108,
169 3696 201 3765 3.
228 3694 413 3762 Phocidem
434 3713 606 3781 aggressus
628 3699 678 3753 cst
692 3688 827 3775 ejusque
842 3685 943 3751 urbcs
959 3688 1107 3751 vastarit.

10 3773 12 3783 '
64 3772 212 3866 Densa.
227 3798 329 3887 fag.
344 3796 429 3877 seo,
447 3797 480 3864 a.
501 3791 637 3860 wear.
654 3791 695 3855 ae
710 3788 854 3880 hyperis.
870 3786 927 3855 111.
951 3808 987 3879 p.
1004 3786 1050 3856 18
1074 3798 1109 3855 a

62 3899 137 3963 ¹¹01.
157 3904 197 3969 ad
217 3902 297 3969 Lib.
319 3924 388 3990 arg.
410 3922 459 3969 or.
480 3898 513 3966 d.
536 3919 610 3986 pac.
622 3894 647 3978 Ι,
663 3894 698 3961 3.

10 4050 12 4061 .
63 4015 274 4060 *x—

10 4078 13 4223 p
132 4108 157 4179 Ἴ
173 4114 227 4167 Sed
246 4114 344 4166 eodem
362 4113 406 4165 die
420 4112 466 4165 hic
478 4109 663 4175 Cersobleptes
674 4124 786 4174 regnum
799 4107 931 4166 amiserat,
946 4100 1002 4159 vid.
1015 4101 1111 4162 teat.

65 4178 94 4238 ‘¹-
121 4196 181 4254 tatu.
203 4206 258 4269 leg.
275 4220 300 4269 p.
321 4198 372 4269 267
388 4217 430 4266 sq.
453 4197 581 4251 ίπίστειλε
604 4188 719 4263 (Χάρης)
737 4188 797 4243 τότε
812 4189 848 4257 τῷ
865 4187 937 4257 δήμῳ
949 4186 994 4243 ὅτι
1008 4189 1112 4260 Κερσο-

65 4270 178 4355 mutue
199 4284 344 4342 ἀπολώλεκε
365 4283 414 4345 τὴν
436 4274 530 4353 cippis,
555 4274 693 4348 κοὶἾερὸν
712 4273 774 4348 ὄρος
800 4274 871 4342 (buc
889 4276 993 4343 fugerat
1011 4276 1112 4329 Cerro-

66 4352 184 4443 hiem..)
204 4376 340 4439 κατείληφε
363 4373 492 4425 Φίλιππος
504 4363 730 4427 ’Ἐλαφηβολιῶνος
747 4360 828 4429 μηνὸς
843 4362 905 4425 Pam
925 4363 1077 4427 φθίνοντος.
