2656 4980
312 384 630 451 incommune
660 383 858 455 cuturn
878 384 939 449 ιιι
965 384 1022 470 (ι).
1122 392 1190 457 ιιι
1256 408 1262 417 ·

187 557 344 613 temnant
370 540 395 639 (l
401 541 457 637 V)
504 542 690 611 Enumerat
718 539 873 630 deinceps
905 566 959 611 eas
988 569 1042 610 res
1069 561 1188 636 gestas,

188 650 313 738 quibus
335 647 481 734 Philippi
506 668 586 733 opes
603 656 716 709 auctae
733 658 828 725 sunt,
853 650 1071 738 ostenditque,
1095 652 1186 721 hunc
1297 658 1300 663 ’

186 758 225 818 iu
242 752 445 841 Atticorum¹
458 754 557 813 etiam
578 748 661 813 fines
681 752 886 820 invasurum.
902 748 979 844 (V).

129 854 192 925 111.
219 856 344 941 Rogat
371 852 537 940 duplicem
567 851 725 931 modum,
756 876 822 940 quo
843 853 1106 924 subveniendum
1130 864 1188 925 sit:
1294 862 1298 875 ’

189 982 294 1047 opem
307 956 445 1033 ferendo
461 953 643 1045 Olynthiis,
662 965 696 1018 et
708 954 941 1023 Macedoniam
954 960 1188 1048 adgrediendo,
1256 1030 1272 1037 ,
1313 1000 1317 1009 =

187 1063 351 1129 alterutro
373 1060 524 1147 neglecto
542 1080 643 1123 omne
658 1081 822 1123 conamen
835 1065 968 1127 irritum
983 1060 1065 1131 sore.
1115 1067 1189 1131 Ne-

189 1188 258 1253 que
286 1164 529 1231 etiam.deense
551 1166 743 1248 pecuniam,
779 1160 882 1228 modo
914 1178 986 1234 eam
1017 1179 1106 1236 recte
1135 1170 1189 1236 vel

191 1268 374 1334 adhibeant
392 1266 447 1331 vel
470 1265 635 1351 colligant.
657 1264 748 1353 (VI).

130 1370 203 1441 IV.
233 1367 426 1458 Confirmat
452 1373 662 1456 rogationem
688 1373 752 1450 ita,
787 1376 826 1433 ut
849 1364 1071 1454 demonstret,
1105 1370 1188 1440 Phi-

187 1474 276 1563 lippi
291 1477 473 1562 potentiam
489 1471 656 1537 infirmam
671 1490 758 1553 esse,
783 1495 892 1560 neque
907 1468 1085 1541 Thessalos
1102 1477 1188 1543 fidos

187 1599 302 1667 neque
329 1598 388 1641 aua
419 1574 587 1663 vectigalia
617 1575 763 1661 amplius
785 1598 1017 1659 concesstuos,
1059 1593 1187 1646 ceteros

187 1700 328 1773 quoque
347 1679 506 1768 populos,
531 1700 616 1766 quos
633 1678 806 1758 devicerit,
828 1678 970 1744 libertati
984 1682 1116 1747 studere
1131 1689 1188 1766 ita,

143 1816 146 1821 ·
186 1796 231 1851 itt
258 1783 322 1849 hoc
352 1804 449 1870 aegre
475 1786 652 1847 contineat.
674 1781 776 1871 (VII).
825 1781 907 1846 Esne
931 1782 994 1848 hac
1016 1791 1187 1852 occasione

187 1886 372 1965 utendum,
408 1908 507 1973 quam
539 1889 566 1948 si
595 1884 768 1971 Philippus
796 1891 1057 1967 nancisceretur,
1095 1889 1188 1954 harno

188 2012 266 2057 non
285 2012 306 2055 e
323 1986 475 2055 manibus
497 1988 710 2073 dimissurum
729 2009 821 2052 cese:
849 2011 922 2055 rem
936 1991 1004 2075 jam
1019 1996 1057 2055 in
1070 1990 1187 2059 discti-

174 2100 286 2161 .mine
308 2097 447 2163 versati,
476 2104 590 2156 utrum
604 2090 779 2178 Philippus
791 2096 828 2155 in
841 2090 1117 2178 Atheniensium,
1144 2120 1188 2160 an

189 2202 259 2287 ipsi
272 2201 310 2261 in
329 2196 414 2261 illiue
430 2208 519 2260 tetra
533 2193 658 2259 bellum
671 2200 737 2258 sint
751 2200 894 2281 gesturi,
919 2216 1009 2281 nam,
1033 2197 1187 2287 Olyntho
1210 2183 1216 2197 ’

190 2310 309 2387 capta,
342 2298 426 2365 nihil
454 2318 524 2362 esse
553 2297 803 2385 impedimenti,
842 2307 1020 2386 quominus
1051 2298 1117 2366 huc
1147 2309 1190 2368 sit

186 2400 335 2469 Macedo
353 2406 528 2485 venturus,
558 2386 742 2491 plurimum¹
764 2414 876 2493 atatem
897 2398 1052 2489 differre,
1072 2417 1189 2471 utrum

183 2506 352 2582 Athenis,
384 2529 428 2571 au
446 2509 654 2571 extrinsecus
674 2496 797 2570 bellum
820 2507 886 2571 fiat.
908 2502 1024 2593 (VIII.)

128 2608 183 2679 V.
212 2604 415 2691 Concludit,
438 2613 576 2697 cuique,
604 2618 639 2671 et
661 2608 786 2671 cirilms
809 2621 842 2673 ct
862 2610 1064 2692 dicentibus,
1089 2632 1189 2676 strum
1283 2681 1286 2686 ,

188 2734 267 2778 ecoe
295 2710 505 2797 tentandum,
542 2722 579 2776 ut
606 2731 660 2776 res
688 2733 891 2800 prosperum
916 2711 1060 2780 habeant
1089 2733 1190 2797 evene

187 2816 278 2881 tunt
301 2812 393 2904 exa
