2656 4980
317 284 411 365 5555
431 276 540 366 555555.
564 301 761 369 (55555555,
786 305 893 375 111,5
918 311 989 437 5
1031 380 1039 391 ,
1122 312 1191 397 555

133 417 321 529 decretum
336 459 529 549 repudiasse
546 455 694 542 videtur,
720 482 799 525 nam
814 458 981 543 85515155(5
950 462 1192 554 Kespcoflte'-

136 565 214 658 της)
238 575 356 630 auctor
380 576 440 650 555,
464 558 676 629 Amadocum
696 563 737 627 ad
754 562 946 653 Philippum
962 571 1102 650 venisse,
1124 567 1191 636 hu-

133 669 192 761 jus
203 691 305 757 opem
325 668 482 755 implorat
484 690 540 735 um
559 672 594 732 in
612 665 699 733 bello
714 679 828 733 contra
839 667 1086 758 Cersobleplen.
1113 671 1189 753 Qua
1239 713 1243 721 ·

135 772 275 864 quidem
299 775 491 856 occasione,
517 775 553 835 ni
580 768 695 853 fallor,
722 793 787 836 rex
804 795 882 836 usus
898 783 963 852 555,
990 784 1028 838 ut
1045 774 1187 843 alterum

132 874 409 964 (Corsoblepten)
430 874 631 963 expelleret„
653 875 774 940 alteros
792 872 1021 959 (Amadocum
1037 888 1070 942 et
1087 877 1187 944 Beri-

134 976 254 1072 saden)
278 977 403 1044 faceret
425 1000 532 1066 reges.
582 977 664 1044 Non
691 983 782 1043 enim
803 977 976 1065 probabile
1005 991 1070 1062 est,
1094 983 1185 1070 quod

133 1093 230 1174 putat
254 1081 456 1148 Lucchesin.
479 1078 573 1146 adh.
590 1081 628 1162 1.,
661 1077 875 1148 Amadocum
901 1094 934 1147 et
960 1080 1184 1153 Berisadeno

133 1209 242 1275 regno
266 1185 408 1272 ejectos,
442 1165 615 1252 Terenet
602 1183 875 1272 tCersobleplen
892 1209 910 1250 5
927 1185 1084 1275 Philippo
1101 1212 1185 1255 con·
1238 1242 1245 1253 .

134 1286 333 1382 firmatos*).
381 1288 472 1353 Nam
487 1286 590 1354 Dem.
604 1284 769 1354 Aristocr.
785 1284 872 1371 624,
886 1294 957 1362 init.
974 1290 1070 1370 dicit,
1098 1291 1185 1357 Cer-

132 1392 328 1482 eoblepten‚
366 1388 523 1458 Berisade
545 1401 698 1472 mortuo,
733 1390 834 1477 hujus
856 1392 933 1460 filiis
950 1405 983 1458 55
1004 1391 1180 1461 Amadoco

132 1496 260 1564 bellum
281 1494 447 1575 intulisse,
475 1493 565 1581 quod
585 1516 655 1560 non
676 1494 823 1576 fecisset,
845 1502 920 1560 siin
934 1519 1040 1583 regno
1056 1496 1180 1567 fuisset.

132 1600 208 1666 Jam
221 1599 278 1665 hic
291 1597 497 1665 Charidemo
514 1593 714 1664 Atheniensi
733 1621 898 1665 summam
911 1622 1027 1668 rerum
1043 1624 1180 1668 suarum

132 1708 292 1793 permisit
307 1702 423 1784 (Dem.
449 1697 613 1782 Aristocr.
636 1695 721 1780 674,
735 1693 812 1792 24.)
836 1696 891 1769 aad
914 1697 975 1786 τὴν
994 1705 1180 1791 παρουσίαν

125 1809 189 1877 *nal
211 1801 251 1876 τὸ
268 1802 410 1892 δύναμιν
423 1803 517 1892 ἔχειν.
564 1803 653 1870 Mox
668 1802 927 1886 Athenodorus,
950 1806 1020 1874 dux
1034 1808 1178 1874 militum
1284 1847 1297 1877 5.

131 1914 421 1979 mercenariorum
454 1905 731 1989 Atheniensium,
770 1908 1020 1998 Cersoblepteu‘
1042 1916 1178 1997 eiusque

132 2025 283 2084 tutorem
299 2012 539 2078 Charidemum
554 2016 671 2097 coegit,
697 2023 735 2077 ut
752 2011 998 2078 Chersonesum
1015 2014 1177 2079 Thraciae
1297 2020 1304 2029 “

132 2115 396 2184 Atheniensibus
410 2115 565 2182 traderet.
590 2115 691 2180 Dem.
706 2111 902 2181 Aristocrat
918 2117 1074 2200 677,11.
1096 2113 1178 2205 ypsi-
1256 2098 1261 2137 ³

132 2247 189 2314 φα
218 2212 492 2308 ὁΑθηνόὸωρος
522 2211 714 2305 συνθήκας,
758 2213 875 2287 καθ
861 2211 901 2298 ἅς
923 2213 1098 2308 ἀναγκάζει
1120 2216 1179 2290 τὸν
1296 2212 1306 2237 ⁸

131 2325 385 2413 Κερσοβλέπτην
406 2315 529 2409 ὀμόσαι
553 2319 635 2413 πρός
654 2346 689 2390 τε
709 2323 798 2407 ὑμᾶς
819 2328 874 2391 καὶ
896 2319 977 2413 πρὸς
989 2351 1070 2402 τους
1080 2327 1179 2410 βασι

131 2423 283 2511 155555
252 2453 335 2499 strat
357 2430 420 2516 μὲν
439 2419 501 2509 τήν
525 2421 631 2513 ἀρχὴν
651 2421 764 2508 κοινὴν
787 2428 848 2511 τῆς
873 2423 1056 2521 Θρᾴκης’
1026 2454 1070 2505 εις
1093 2431 1178 2517 τρεῖς

132 2533 326 2625 διῃρμένην,
354 2527 483 2608 πάντας
505 2521 534 2596 5³
556 2529 632 2614 ὑμῖν
652 2523 893 2600 αποδοῦναι
857 2557 918 2614 την
934 2526 1055 2619 χώραν.
1102 2532 1178 2596 Jam

131 2634 326 2723 Philippus,
352 2631 422 2698 aliis
439 2631 540 2697 rebus
555 2631 734 2712 distentus,
759 2657 839 2720 quas
859 2634 960 2699 Dcm.
976 2635 1010 2703 h.
1026 2634 1047 2702 l.
1062 2640 1178 2720 tangit,

134 2736 376 2825 Cersobleplen
389 2734 560 2823 reliquisse
581 2734 711 2801 videtur
724 2757 828 2823 usque
845 2736 900 2803 01.
919 2737 1004 2820 108,
1020 2739 1074 2818 2.,
1099 2761 1179 2802 nam

132 2840 200 2908 hoc
221 2863 310 2907 anno
332 2862 409 2904 eum
435 2841 597 2925 imperio.
628 2838 720 2926 quod
749 2839 857 2904 adhuc
881 2862 1074 2905 concessum
1097 2853 1178 2920 erat,

132 2944 307 3034 spoliabat.
358 2942 448 3009 Vide
468 2942 581 3007 locum
601 2939 777 3008 Aeschinis
799 2947 835 3007 in
857 2942 989 3027 Proleg.
1015 2943 1057 3006 ad
1072 2965 1121 3006 or.
1137 2944 1179 3008 de

132 3047 221 3114 Pace
235 3072 270 3137 p.
288 3045 371 3112 171.
385 3056 456 3111 not.
470 3044 616 3124 allatum,
630 3044 892 3112 commenthist.
906 3047 947 3110 ad
963 3043 1113 3124 eiusdem
1129 3069 1180 3111 or.

132 3175 162 3222 c.
174 3151 214 3235 .7·
236 3151 263 3241 ᾗ,
278 3150 312 3219 3.
340 3159 374 3213 et
394 3147 529 3214 Weisk.
552 3147 593 3214 de
609 3148 752 3237 hyperb.
764 3148 789 3214 Ι.
811 3173 845 3237 p.
863 3149 921 3220 36.
968 3148 1180 3212 Redeuntem

133 3252 376 3344 Certoblepten
389 3272 454 3319 rex
466 3256 566 3318 tertio
582 3252 712 3344 expulit
727 3248 796 3346 (01.
815 3253 901 3338 109,
918 3251 970 3344 2.)
989 3251 1181 3318 testhiod.
1235 3266 1248 3349 j

131 3425 352 3448 Μ

132 3526 246 3585 Charid.
263 3529 313 3585 Or.
331 3546 360 3600 p.
378 3545 422 3584 πο.
451 3531 505 3583 Sed
528 3549 561 3584 ex
579 3533 675 3584 luitici
696 3532 784 3599 (vlu,
797 3531 832 3597 5.)
851 3534 929 3583 loeo:
950 3533 1054 3594 „evcnit
1072 3543 1101 3582 ut
1119 3546 1182 3582 enm
1254 3557 1261 3567 =

131 3620 229 3672 iratres
251 3616 322 3674 dno,
346 3634 422 3684 reges
445 3618 589 3682 Threciae,
613 3637 666 3668 nou
687 3621 913 3684 contemplatione
926 3596 1043 3686 Ι1555151555
1062 3617 1117 3682 ejus
1135 3615 1183 3666 recl

133 3707 253 3760 invicem
277 3714 441 3766 metuentes,
468 3722 502 3755 ue
528 3706 637 3756 alteriue
662 3704 760 3756 viribus
784 3703 933 3767 accederet,
961 3704 1185 3770 disceptationum

133 3807 246 3844 enarum
256 3787 378 3864 judicem
395 3792 552 3856 erigenam*
574 3793 688 3856 vulgarit
704 3802 792 3842 exorte
810 3794 948 3848 sententia,
964 3790 1103 3839 5555151555
1120 3789 1186 3839 irat·

135 3895 189 3929 ree·
213 3875 276 3926 Vid.
292 3877 378 3943 Vogel
398 3878 452 3932 1.Ι.
473 3896 499 3945 p.
514 3874 573 3944 265).
593 3878 625 3927 A.
639 3877 674 3928 G.
686 3876 785 3927 Becher
803 3894 870 3930 vere.
891 3877 969 3926 Dent.
986 3876 1019 3926 T.
1032 3873 1064 3925 11.
1083 3892 1109 3944 p.
1125 3875 1187 3928 616.
1286 3900 1288 3907 ’

133 3964 250 4019 voemel
269 3963 378 4015 lineam.
397 3980 426 4034 p.
439 3964 483 4016 35.
516 3963 553 4015 At
566 3965 669 4015 tustino
687 3961 805 4013 diffidere
822 3962 894 4016 licet.

186 4083 230 4155 ῥ’)
250 4080 308 4132 Nou
327 4080 414 4149 probo
432 4081 652 4146 hecenensium,
671 4080 743 4148 quod
760 4080 848 4134 Teren
875 4079 966 4142 addit,
995 4082 1040 4146 qui
1060 4078 1189 4148 deinceps

134 4173 163 4222 155
187 4171 340 4217 societatem
368 4168 549 4237 Crtsohlcptie
575 4167 676 4221 ridetur
695 4169 812 4230 venisse,
837 4172 942 4219 5555515
963 4169 984 4218 ,1
1002 4174 1116 4224 ium-tut.
1134 4186 1187 4219 555555
1297 4190 1307 4205 ·

136 4249 375 4308 commemoratur.
