2656 4980
280 336 340 397 su
361 336 442 400 Len.
464 338 548 399 vn.
571 338 677 419 uest.
701 338 737 399 c.
756 340 793 401 v.
818 345 846 418 ς.
870 362 893 404 ι.
911 363 940 407 2.
958 343 986 407 5.
1084 349 1160 411 eoo

116 494 266 563 censibus
287 494 491 575 intulerunt,
513 493 985 584 ·quo‹ldecimoaunos1nem
1007 498 1158 569 hahebat.

117 598 193 667 Vid.
210 598 313 669 Diod.
328 596 393 667 Sic.
408 596 507 681 xvi,
523 599 571 665 23
587 620 656 689 sqq.
683 598 769 667 Plut.
781 600 881 669 Dens.
899 603 957 668 ts.
981 600 1160 672 Demosth'.

117 704 155 769 de
191 700 272 769 Gor.
296 726 331 793 p.
354 702 523 785 23017.
561 699 703 793 Olynth.
726 702 773 789 ll,
797 703 831 785 3,
857 704 891 774 3.
925 705 1036 799 ibique
1060 708 1160 776 diota.

117 806 252 875 Welak.
273 805 315 874 de
336 802 516 897 hyperhl.
535 826 569 893 p.
585 802 763 874 24—31.
787 836 790 845 ·
987 812 991 823 ’
1192 826 1198 835 ’

474 936 531 1005 Ad
554 936 636 1027 Cap.
656 938 701 1007 V.
726 938 752 1030 1.
769 942 804 1009 1.

155 1112 161 1119 ,
213 1042 309 1115 Ante
330 1046 463 1109 initium
487 1040 562 1107 belli
587 1041 767 1111 Phocensis
790 1046 922 1113 finitum
943 1056 1013 1115 erat
1032 1045 1164 1117 ballum

111 1128 247 1219 souiale
253 1148 297 1243 Ι*1,
319 1146 400 1213 inde
415 1156 583 1226 exortum,
598 1147 689 1237 quud
702 1170 780 1215 oum
795 1155 895 1215 ceseii
906 1148 1164 1219 Atheniensium

111 1254 240 1338 duces,
263 1264 339 1319 tum
351 1248 479 1317 Chares
497 1246 643 1342 (dequo
658 1248 734 1317 vide
752 1250 794 1317 ad
814 1251 957 1342 Olynth.
978 1252 1003 1336 l,
1026 1254 1085 1341 10,
1102 1252 1165 1351 2.),

111 1356 244 1425 bellum
263 1354 415 1422 illatuma
429 1351 603 1431 Pheraeis,
624 1359 749 1434 socios,
772 1361 866 1443 gravi
885 1356 967 1446 jugo
983 1359 1052 1443 jam
1067 1380 1166 1449 pres-
1305 1408 1313 1423 .

111 1452 182 1543 eoa,
207 1456 405 1537 offenderat,
430 1454 533 1523 Diod.
559 1454 623 1523 Sto.
639 1454 720 1539 XV,
735 1455 798 1525 93.
847 1458 939 1527 Hine
954 1458 1029 1527 ehu
1044 1462 1166 1553 aliique

111 1567 323 1631 exstiterunt
341 1559 521 1627 vindictam
542 1562 593 1624 rei
612 1564 765 1627 sumtusi.
804 1558 907 1631 Diod.
931 1563 965 1632 S.
989 1562 1088 1646 xvi,
1105 1568 1168 1635 11.

111 1679 152 1737 et
185 1666 293 1733 Dem.
330 1663 371 1729 de
400 1660 513 1731 Rhod.
543 1660 651 1730 libas.
687 1661 913 1750 p.191,1t.
964 1667 1169 1755 noviomus

111 1770 166 1864 ἐφ’
190 1768 282 1857 ἡμᾶς
302 1770 434 1837 τουτονὶ
453 1758 607 1854 πόλεμον.
660 1765 789 1833 Bellum
806 1771 926 1834 initum
944 1768 1170 1856 (dissuadente

111 1874 270 1943 lsoornte
284 1870 327 1937 de
341 1871 428 1937 Pace
441 1893 477 1960 p.
493 1869 578 1937 256.
589 1867 642 1933 od.
658 1868 782 1958 Lang.)
801 1867 858 1937 01.
877 1872 962 1957 105,
976 1872 1011 1941 2.
1034 1872 1170 1941 finitum

113 1978 229 2067 ejusd.
251 1974 308 2045 01,
335 1967 370 2043 4.
394 1985 428 2039 et
453 1995 522 2062 pux
545 1976 616 2061 ipsa
642 1970 699 2041 01.
725 1971 810 2058 106,
839 1974 871 2040 l.
905 1981 1088 2063 compositu
1107 1988 1170 2058 eet,

117 2103 230 2175 quum
248 2100 370 2147 rumor
392 2077 436 2143 ad
453 2074 678 2143 Athenienses
699 2075 826 2145 deletus
850 2089 952 2159 asset,
978 2078 1096 2146 Persas
1112 2079 1174 2146 de·

116 2181 309 2253 factoribus
328 2178 418 2247 OOC
445 2183 581 2246 navium
611 2179 754 2246 subsidia
783 2185 983 2268 promisisse.
1043 2180 1176 2255 interea

119 2286 303 2377 Philippus
321 2282 388 2356 hoo
410 2294 562 2372 tempore
584 2302 663 2349 usus
677 2295 728 2350 est
744 2282 787 2350 ad
801 2282 1027 2376 Amphipolin
1042 2306 1186 2376 oppug3
1279 2326 1285 2339 ·

122 2390 291 2471 nandum
317 2386 359 2454 de
376 2408 442 2484 que
457 2406 496 2454 re
509 2408 594 2453 mox
608 2384 746 2453 dicaur.

485 2517 650 2611 Ascap.
667 2517 714 2589 V.
737 2516 763 2610 1.
781 2518 816 2589 ³.

228 2624 430 2692 summatim
453 2642 624 2711 exponam
645 2619 687 2689 da
704 2625 775 2689 vita
797 2633 832 2688 et
851 2621 952 2690 rebus
974 2627 1077 2714 gestis
1094 2623 1179 2692 Phi⁴¹

127 2730 213 2823 lippi
231 2750 337 2820 nsque
356 2718 400 2793 ad
419 2723 502 2792 illud
517 2736 661 2815 tempus,
688 2747 757 2816 quo
771 2723 1018 2796 Demosthenes
1031 2733 1180 2821 primam

128 2834 353 2923 Philippieam
372 2826 500 2897 habuit
952 2824 962 2843 '

235 2926 437 3026 Phlippos,
459 2942 560 3001 natus
582 2928 639 2998 01.
653 2926 717 3015 00,
729 2929 775 2997 2..
799 2943 955 2999 mortuns
970 2928 1026 2997 01.
1045 2928 1130 3012 111,
1147 2932 1182 3000 1.

133 3038 318 3109 admodum
332 3057 418 3127 puer
432 3034 589 3105 {ortunae
605 3042 775 3125 expertus
786 3047 835 3101 est
851 3040 1084 3101 temeritatem.
1119 3034 1183 3101 Jn.

134 3150 242 3212 atinus
258 3140 337 3223 VII,
362 3138 397 3207 5.
418 3149 551 3219 namet,
580 3134 814 3231 nimpheos
829 3135 1028 3207 Alexandro
1045 3135 1088 3205 ad
1100 3136 1185 3228 lily·

136 3255 223 3330 rios,
248 3258 324 3314 tum
343 3244 386 3310 ud
402 3242 585 3312 Thebanos
597 3240 723 3308 obsidis
736 3243 812 3309 loeo
827 3264 898 3309 esse
914 3245 1074 3329 missum
1094 3240 1184 3309 Piut.
1267 3270 1271 3279 ·

136 3351 254 3441 Pelop.
272 3374 302 3415 c.
317 3347 377 3415 to.
393 3346 435 3413 ab
449 3346 570 3413 eodem
581 3344 685 3413 frene
697 3344 799 3431 fuisse
811 3346 972 3415 traditum
991 3342 1187 3435 Pelopidam·¹

137 3452 240 3523 Diod.
264 3452 299 3518 S.
322 3447 422 3534 xvi,
436 3450 469 3523 2.
493 3449 536 3516 ab
555 3448 706 3538 Amynta
722 3446 822 3517 fuisse
837 3454 1040 3543 permissum
1053 3446 1188 3539 Illyriis,

138 3564 197 3649 qui
215 3579 294 3625 eum
309 3552 482 3621 Thebanis
498 3557 752 3634 concessissent,
774 3568 964 3645 quanquam
977 3553 1069 3619 idem
1084 3550 1189 3619 Diod.

140 3660 227 3743 XV,
247 3659 308 3729 67.
329 3657 478 3738 dixerut,
513 3650 707 3743 Philippum
727 3654 907 3747 Pelopidae
928 3655 970 3722 ab
988 3654 1189 3724 Alexandro

142 3744 296 3859 deditum
316 3783 399 3828 esee.
447 3759 542 3842 Quae
562 3780 667 3848 quum
681 3762 725 3825 itu
740 3762 820 3841 sint,
846 3758 906 3826 has
920 3759 1143 3838 diversitates,
1170 3778 1194 3826 e

141 3874 238 3939 vario
258 3887 398 3935 rumora
422 3874 575 3942 exortas,
599 3868 643 3926 ita
658 3862 879 3929 conciliandus
892 3884 964 3930 esse
977 3874 1072 3955 puto.
1108 3859 1193 3931 Phi·

143 3979 257 4065 lippus
279 3993 297 4037 u
318 3980 414 4061 patro
429 3964 552 4059 illyriis
566 3964 705 4033 nuditus
718 3964 797 4048 fuit,
822 3966 881 4035 aed
894 3972 1008 4037 nescio
1021 3966 1194 4057 quomodo

150 4116 360 4137 w

216 4188 243 4255 ⁰)
264 4182 327 4236 vid.
345 4185 382 4237 A.
396 4181 432 4237 G.
443 4180 550 4237 Becker
567 4180 644 4237 ven.
657 4176 766 4234 nemi.
780 4193 808 4247 p.
821 4174 848 4231 6.
863 4189 893 4232 et
910 4175 1024 4235 Voeml
1032 4182 1198 4235 lineamenta

148 4272 220 4327 helii
238 4270 369 4341 Anpltp.
387 4286 417 4340 p.
435 4283 480 4321 ιι.
