2684 4974
165 404 235 468 tao
491 378 879 463 ιιιιιιοετιιιιιιιο

131 558 336 680 υλομένφυς
360 549 624 686 ἀθυμοτέρους
629 579 815 628 ποιουσιν.
823 548 1030 628 Ἐπειδὰν
1052 551 1193 627 ddunt)

89 710 94 729 ,
164 686 212 733 τα
201 652 399 783 λύσητε
383 658 445 730 καὶ
465 651 534 758 τὴν
556 659 625 732 τοῦ
647 653 694 731 τὰ
714 661 881 751 βελτιστα
901 660 1014 750 λέγειν
1033 652 1219 783 bdbupsa

165 757 318 863 ράσχφτε
343 756 508 883 ἀσφαλῆ,
534 761 729 892 τηνικαῦτα
749 755 815 835 τὸν
834 756 1044 889 γράψοντα,
1061 755 1088 834 ἃ
1108 754 1220 834 πάν-

165 891 224 955 τες
246 871 323 938 ι’στε
347 859 405 939 ὅτι
427 869 616 994 συρφερει,
639 864 774 963 ζητεῖτε
783 866 885 988 πρὶν
906 865 949 938 di
972 889 1090 938 ταυτα
1105 865 1221 985 sappi-⁴

165 970 242 1059 ξαι,
268 963 318 1067 μὴ
341 976 523 1054 σκοπεῖτε,
546 969 601 1057 τίς
621 964 730 1041 εἰπὼν
750 994 796 1042 τα
783 961 1008 1060 βέλτιστα
988 994 1041 1043 υπ
1041 969 1080 1066 ἐρ
1095 962 1218 1062 ὑμῶν,

165 1067 223 1196 ὑφ
257 1068 359 1167 ὑμῶν
383 1064 591 1144 ἀπολέσθαι
610 1066 838 1195 βουλήσεται·
873 1065 918 1144 οὐ
942 1065 1011 1171 γὰρ
1033 1065 1217 1170 εὑρήσετε,

167 1169 279 1263 ἄλλως
298 1199 337 1246 τε
356 1173 417 1246 καὶ
436 1167 571 1247 τούτου
592 1167 709 1268 μόνον
716 1175 1006 1298 περιγίγνεσθαι
1018 1176 1219 1269 μέλλοντος

166 1279 233 1353 τοῦ
263 1281 403 1351 παθεῖν
434 1271 566 1367 ἀδίκως
586 1302 622 1349 τι
642 1271 752 1350 κακὸν
770 1273 835 1351 τὸν
856 1273 955 1351 ταῦτ’
978 1270 1129 1351 εἰπόντα
1151 1279 1216 1350 καὶ

167 1377 384 1505 γράψαντα,
408 1381 524 1503 μηδὲν
550 1381 593 1454 tt
617 1373 794 1505 ὠφελῆσαι
812 1375 861 1454 τὰ
845 1375 1090 1505 πρᾴγματα,
1116 1374 1214 1454 ἀλλὰ

164 1486 300 1574 καὶείς
267 1478 363 1559 ἰτό
386 1477 515 1558 λοιπὸν
538 1483 675 1580 μᾶλλον
690 1478 789 1560 ἐπ”
767 1511 789 1584 ιγ
815 1483 883 1558 νῦν
903 1480 947 1558 τὸ
968 1477 1013 1559 τὰ
1042 1484 1215 1579 βέλτιστα

165 1763 229 1814 coil.
253 1757 366 1830 Hesyob.
390 1778 412 1812 s·
428 1757 545 1833 δραχμή,
568 1777 604 1813 ex
628 1740 750 1815 Philocli.
776 1757 872 1825 tradit,
896 1755 1056 1812 drachmam
1072 1761 1213 1830 spectandi

166 1866 243 1902 causa
264 1849 413 1915 impeussm
433 1848 531 1910 fuisse,
554 1847 605 1899 hoo
628 1847 663 1898 sd
682 1846 790 1899 ditiores
811 1847 914 1897 videtur
931 1849 1097 1913 pertinuisse.
1118 1849 1212 1916 Sigon.

166 1935 201 1987 de
219 1936 285 2003 Περ,
304 1933 366 1987 Aah.
384 1932 467 1996 lm.
495 1933 652 1998 Peltvttt,
674 1933 732 1986 113.
766 1930 881 1984 boeckh.
898 1932 919 1986 1.
939 1950 966 1999 p.
983 1934 1032 2002 195
1052 1945 1079 1983 et
1098 1934 1158 1988 232.
1183 1963 1213 1973 --

166 2019 280 2090 σαφῶς
309 2016 433 2071 οὑτωσὶ
459 2020 520 2081 „sie
545 2033 576 2071 ut
599 2037 671 2069 nuno
695 2032 784 2085 aperte
811 2019 891 2069 dico“
916 2017 1029 2068 Schoe.
1063 2017 1120 2072 Cir.
1141 2019 1212 2074 Phtt.

166 2107 213 2177 iil.
239 2123 266 2172 p.
291 2119 348 2165 ιιι,
369 2119 410 2154 ιι.
434 2095 483 2169 οὐχ
506 2098 538 2171 ἣν
562 2100 594 2156 ἂν
616 2099 714 2156 οὑτωσί
731 2121 772 2160 τις
797 2101 898 2172 φήσειεν
918 2096 1033 2173 ἄτιμον.
1053 2133 1090 2144 -
1110 2121 1213 2175 στρα-

166 2176 309 2260 τιυομέν
320 2208 376 2250 ων,
393 2188 516 2252 fuerunt,
536 2190 584 2254 qni
599 2191 633 2242 ob
651 2189 779 2239 desidiam
794 2191 837 2240 ius
850 2192 1026 2241 immunitatis
1045 2209 1058 2241 a
1076 2190 1213 2258 stipendio

167 2279 276 2330 militari
294 2276 376 2342 (quae
396 2276 510 2340 iis‚'qui
526 2292 654 2344 pompam
672 2272 878 2325 Bacchanalibus
893 2275 1070 2339 adornabant,
1088 2293 1213 2329 concessa

168 2365 236 2431 erat)
262 2359 313 2410 sibi
336 2358 510 2414 vindicirent.
545 2361 605 2410 Jam
622 2359 732 2411 Aediles
753 2359 883 2429 (χορηγοῖ)
902 2373 966 2413 natu
984 2364 1128 2422 minimos,
1148 2364 1214 2429 qui-

167 2450 217 2500 bus
236 2444 306 2498 iilud
323 2461 420 2495 inunus
439 2442 648 2506 demandarent,
670 2445 819 2512 eligebant·
844 2445 892 2497 bos
906 2453 1023 2499 inuitus
1040 2448 1164 2500 Νοιιει·
1157 2466 1215 2501 sus-

167 2547 276 2604 puguat.
316 2532 366 2583 Per
396 2528 478 2583 islone
506 2530 579 2597 leges
610 2530 645 2582 de
675 2549 704 2583 re
727 2531 838 2582 militari
864 2533 1011 2585 accuratius
1039 2532 1214 2586 definiuntur.

167 2622 304 2673 structura
321 2616 386 2668 base
404 2631 438 2665 us
456 2588 620 2678 tboiiendat,
638 2616 692 2668 tid.
705 2616 816 2686 Olynth
832 2619 854 2681 Ι,
868 2631 981 2682 s,2et‚
999 2636 1080 2685 quem
1092 2619 1214 2672 Fritssbs

167 2708 220 2774 Qu.
236 2707 299 2756 Luc.
319 2719 345 2769 p.
370 2717 425 2751 ιιο.
450 2699 554 2766 iaudat,
575 2698 689 2756 Ιιιεὶιιιι.
711 2702 881 2770 Philopseud
902 2698 1002 2758 o..1
983 2723 1001 2755 ιι
1019 2704 1083 2762 τοὺς
1103 2700 1214 2775 ἅνθριῖ-

166 2772 516 2851 πουςὶνίουςιῖνυγκάζει.
550 2784 631 2852 Quod
657 2800 716 2857 post
740 2789 891 2857 διανέμουσι
912 2788 982 2855 Aug
1007 2789 1214 2859 1.Al‹l.Tayi.

170 2883 234 2932 Yet
251 2875 334 2926 Goth.
351 2865 488 2923 adduut'
471 2887 519 2934 ως,
543 2871 810 2942 interpretamentum
829 2874 934 2945 sspit,
936 2892 991 2925 nou
1011 2875 1211 2944 sbjicerem,'
1189 2894 1213 2927 st

167 2964 291 3016 codicum
308 2975 370 3027 prae
389 2973 417 3007 ss
435 2956 517 3007 ferret
535 2974 703 3014 consensum.
721 2988 753 2998 —
772 2957 1024 3024 ἀπαιτοῦντες,
1041 2963 1215 3029 qui,qnam·

165 3052 204 3100 vis
228 3044 363 3112 inscripti,
394 3041 617 3109 expeditionibus,
653 3047 751 3112 quibus
781 3046 894 3111 debent,
924 3058 978 3099 nou
1003 3050 1152 3099 intersuntt
1174 3049 1213 3117 its

166 3136 290 3202 Ulpium,
316 3129 366 3183 cir.
385 3128 464 3182 Suid.
482 3142 504 3178 st
521 3125 638 3184 ἄτακτοι,
661 3132 799 3199 „quisqub
815 3147 903 3185 autem
918 3133 1043 3186 ordinem
1059 3149 1140 3183 suum
1159 3131 1213 3182 de-

166 3231 293 3280 seruerat,
318 3216 352 3266 ad
375 3215 554 3266 Helissuruiu
574 3216 691 3266 tribuual
709 3217 864 3285 sistebatur,
881 3220 977 3286 quibus
996 3234 1110 3283 poenam
1127 3217 1214 3269 etism

167 3301 325 3375 aggravandi
349 3301 454 3353 suimus
480 3319 533 3351 uon
561 3300 679 3351 deerat.“
699 3305 796 3358 Τοιιντ.
814 3331 848 3344 -·
872 3303 1139 3373 ἀθυμοτέρους,
1163 3304 1212 3354 alii

166 3391 380 3462 ῥᾳθυμοτέρως,
398 3385 470 3452 quod
488 3386 594 3440 Schaef.
615 3388 741 3453 praefert.
766 3389 880 3452 „Multo
900 3392 988 3450 euim,
1012 3388 1113 3453 inquit,
1132 3386 1214 3456 pejo-

165 3496 207 3528 res
231 3485 294 3529 suut
318 3475 407 3538 leges,
430 3489 496 3538 quae
525 3472 658 3525 bonorum
685 3477 806 3527 animuin
832 3487 1024 3542 corrumpunt,
1041 3490 1124 3541 quam
1142 3491 1213 3547 quae

166 3574 270 3612 tantum
296 3558 454 3623 stsuguut·“
495 3557 550 3609 Sed
565 3558 746 3628 franguntur
764 3559 844 3623 boui,
864 3569 1075 3629 corrumpuntur}
1093 3560 1212 3627 isnprobi

166 3647 305 3707 Ιιοιιιῖιιεες
328 3644 392 3693 ῖΙλοι
416 3659 477 3694 sero
497 3647 582 3711 tangit
595 3658 693 3701 orator.
728 3646 854 3699 Ceterum
873 3645 907 3702 A.
923 3645 957 3701 G.
977 3644 1077 3716 Recita
1094 3648 1123 3697 in
1143 3662 1215 3697 vers.

166 3747 241 3792 vern.
261 3731 325 3780 haee
343 3730 422 3779 verba
443 3732 539 3780 omisit.
1211 3738 1216 3747 ’

233 3816 258 3882 5·
276 3819 303 3886 5,
328 3806 489 3867 Ἐπειδὰν
505 3814 539 3866 δὲ
556 3814 675 3867 ταῦτα.
689 3834 694 3843 ·
708 3815 918 3880 „Demosthenes
943 3806 1052 3868 multae·
1067 3815 1212 3883 ististlegi·

147 3901 217 3952 bus
239 3903 352 3951 sancitae
376 3914 456 3967 caput
478 3918 558 3963 suutu
581 3902 708 3968 subduxit
725 3907 890 3972 nantissime,
908 3905 1006 3972 quippe
1025 3902 1098 3969 quod
1116 3918 1211 3953 etrum

166 3988 365 4052 abrogationem
384 3983 472 4037 soluin
491 3986 570 4035 verbo
589 3999 666 4038 tenus
683 3991 846 4059 postularet,
865 3990 964 4055 absque
984 3990 1109 4040 sormults
1127 3987 1162 4037 sd
1181 3987 1211 4039 id

109 4128 112 4137 Ι
165 4070 361 4140 ριοειιιὶριὶε.“
381 4073 479 4126 Τοαιν.
503 4098 536 4122 -r
560 4071 612 4122 Pro
629 4069 767 4141 γράφοντα
784 4072 842 4129 Par.
857 4074 883 4137 ὅ.
902 4072 928 4124 b.
946 4092 971 4141 γ.
989 4073 1014 4124 8.
1032 4076 1063 4125 Ω
1083 4059 1212 4145 exhibent

167 4154 367 4230 γράψαντα-’-
382 4154 425 4226 μὴ
448 4164 611 4223 σκοπεῖτε,
637 4159 689 4214 vid.
715 4160 821 4216 Schaes.
846 4159 881 4211 ad
903 4161 986 4226 Greg.
1009 4160 1072 4214 Cor.
1091 4177 1117 4228 p.
1134 4158 1212 4227 ισοξ.

165 4245 252 4313 Verba
277 4234 341 4312 ὖπλρ
364 4238 436 4313 ὑμῶν
454 4257 480 4307 et
496 4241 540 4314 ὑφ’
559 4241 629 4312 ὑμῶν
645 4257 777 4296 commate
795 4244 914 4299 distinxi.
949 4247 1010 4301 Mox
1028 4263 1081 4296 non
1101 4245 1212 4299 deleam

121 4327 128 4334 '
164 4324 330 4385 oum'Bekk.
359 4328 420 4384 τοῦ
446 4344 505 4382 aute
528 4328 708 4389 παθόντος
735 4346 770 4382 ex
795 4330 855 4387 sod.
872 4316 905 4398 l,
923 4350 985 4384 nam
1004 4333 1117 4383 articulo
1137 4316 1212 4392 illud

279 4457 294 4503 l
